18675 25578
1398 1389 2523 1077 The
4521 1365 2854 1077 New
7998 1413 3411 1106 York
12009 1483 4077 1101 Globe

1394 2665 38 184 I

265 3113 189 142 TH
463 3099 90 128 E
690 3043 761 161 colored
1587 3028 1224 137 legislators.

269 3444 246 71 who
614 3411 288 85 ’’hey
954 3387 340 80 Were
1365 3369 250 80 and
1687 3369 378 80 What
2121 3373 354 94 They
2537 3373 283 80 Did.

638 3534 76 94 of
751 3529 165 76 Hon
950 3510 198 80 John
1214 3501 94 76 P.
1365 3501 246 71 Green
1677 3496 94 90 of
1819 3496 198 80 Ohio
2088 3501 85 76 at
2220 3501 123 80 the
2409 3501 454 94 Douglass,

780 3666 369 99 Banjuet,
1181 3657 94 76 in
1328 3652 553 94 Washington,
1928 3657 180 76 Jan
2154 3666 66 76 1.

364 3841 156 113 Mb
553 3822 562 123 (^airman:
1176 3784 250 104 This
1455 3784 208 128 day
1706 3784 369 104 stands
2117 3784 704 132 conspicuous

269 3978 402 113 amongst
709 3945 161 109 the
921 3921 472 146 proudest
1465 3921 118 104 of
1677 3954 180 99 my
1928 3921 217 109 life.
2296 3921 156 104 To
2551 3921 269 104 have

269 4120 227 104 one’s
543 4120 265 80 name
850 4063 548 113 associated
1446 4063 260 99 with
1743 4091 137 71 an
1913 4063 477 99 occasion
2443 4058 113 94 of
2603 4058 213 94 this

269 4271 302 90 nature
614 4219 189 118 and
865 4195 595 142 magnitude
1550 4200 85 99 is
1706 4228 132 71 an
1932 4191 340 109 honor
2343 4191 265 104 such
2698 4224 118 76 as

269 4394 326 104 seldom
638 4361 222 109 falls
907 4361 104 90 to
1058 4342 170 99 the
1304 4332 151 104 lot
1531 4332 118 99 of
1715 4365 137 66 an
1946 4332 491 128 ordinary
2513 4365 288 66 man.

269 4531 175 94 The
506 4512 246 99 time,
798 4488 161 99 the
1011 4474 307 132 place,
1380 4465 175 99 the
1606 4465 458 128 subject,
2121 4465 146 99 all
2334 4474 482 113 conspire

269 4691 85 85 ‘o
406 4639 255 123 make
704 4625 194 109 this
973 4639 128 80 an
1172 4606 312 104 event
1531 4573 118 128 of
1734 4597 543 109 historical
2372 4597 378 132 import-

269 4710 33 76 *
496 4710 19 170 .
576 4772 184 109 and
808 4791 246 71 were
1106 4748 203 104 Ito
1361 4743 369 123 regard
1781 4743 180 99 the
2050 4743 572 99 invitation
2674 4743 142 132 by

269 4946 269 99 virtue
581 4909 99 99 of
742 4890 321 109 which
1115 4885 47 99 I
1209 4909 165 71 am
1441 4876 241 99 here
1734 4876 109 99 in
1932 4904 208 90 any
2192 4876 269 132 light
2509 4876 307 109 other

274 5088 198 99 than
515 5088 94 76 as
652 5079 52 76 a
751 5031 364 113 tribute
1167 5022 104 99 to
1323 5013 175 109 the
1587 5013 581 109 ambitious
2239 5017 265 104 aims
2598 5017 217 109 and

279 5197 392 113 laudable
737 5169 591 128 aspirations
1403 5154 113 94 of
1606 5154 184 94 the
1871 5183 477 94 younger
2395 5159 420 118 portion

274 5348 80 104 of
397 5357 142 80 tne
581 5310 369 142 present
983 5287 633 137 generation,
1672 5282 47 94 1
1776 5277 345 109 would
2173 5282 165 123 be,
2395 5282 411 132 indeed,

283 5395 260 194 Guilty
586 5452 99 104 of
728 5480 52 66 a
813 5438 340 123 degree
1205 5424 113 99 of
1361 5419 444 132 egotism
1876 5428 283 90 most
2206 5419 543 132 unpardon-

283 5613 203 109 able.
609 5584 496 104 However,
1153 5565 146 90 let
1346 5584 118 71 us
1517 5551 246 104 take
1838 5589 66 66 a
1951 5584 435 104 cursory
2433 5556 383 132 glance

283 5787 80 76 at
402 5745 52 57 “
496 5735 146 104 the
685 5698 378 128 colored
1110 5731 236 76 man
1398 5721 113 76 as
1559 5726 61 71 a
1691 5688 652 137 legislator,”
2391 5698 217 104 and
2702 5698 109 109 in

288 5891 241 109 doing
562 5901 132 85 so,
746 5887 137 66 we
931 5854 265 90 must
1243 5830 628 132 necessarily
1923 5830 128 99 be
2117 5830 312 104 brief.
2580 5839 231 94 The

293 6019 298 113 advent
624 5995 94 104 of
765 5986 156 104 the
973 5967 402 109 colored
1422 5962 539 137 legislatoi
1998 5967 109 99 in
2159 5962 184 109 the
2443 5972 364 128 south,

293 6161 293 113 during
624 6137 156 99 the
822 6118 260 128 early
1139 6118 227 123 part
1417 6109 109 99 of
1573 6109 184 94 the
1805 6104 213 104 last
2065 6104 430 128 decade,
2598 6142 213 71 was

298 6331 90 66 an
430 6265 595 142 experiment;
1106 6241 198 99 and
1356 6236 298 99 when
1710 6269 146 61 we
1928 6236 255 104 take
2272 6241 222 94 into
2565 6274 184 71 con-

302 6411 444 137 sideration
789 6387 128 113 all
964 6383 165 104 the
1191 6369 463 142 peculiar
1743 6373 841 113 circumstances
2655 6387 109 99 at-

269 6539 369 142 ^gpding
676 6548 99 113 it,
827 6534 165 99 the
1044 6515 406 104 wonder
1474 6515 85 99 is
1606 6510 231 104 that
1890 6520 85 90 it
2022 6515 175 99 did
2239 6529 189 90 not
2480 6520 331 104 result

269 6619 567 189 iwLnmplete
879 6657 392 109 failure.
1417 6643 250 128 But,
1720 6643 312 109 while
2083 6647 293 104 there
2428 6652 90 99 is
2565 6657 198 99 visi-

269 6808 47 104 le
373 6756 397 180 to\the
855 6789 402 118 student
1323 6784 118 104 of
1526 6784 406 132 history
2003 6784 317 104 much
2409 6784 236 113 that
2726 6794 90 104 is

269 6931 128 113 ooi
907 6931 548 104 reflection,
1512 6935 175 109 yet
1739 6921 180 99 the
1965 6926 439 123 general
2476 6931 335 99 result

269 7110 71 71 fa
340 7101 38 76 s
416 7044 274 151 good;
756 7063 222 118 u^r
1016 7063 170 104 the
1233 7087 359 76 reason
1644 7054 241 109 that
1928 7058 90 104 it
2083 7058 723 118 contributed,

269 7252 47 66 n
350 7243 52 66 a
439 7195 250 132 great
728 7176 217 113 degt
1020 7233 38 33 ^
1063 7233 90 85 e>
1205 7195 392 99 toward
1696 7195 180 94 the
1965 7200 633 99 restoration
2698 7205 118 94 of

269 7346 217 142 ^der
567 7328 161 85 out
831 7294 99 104 of
1006 7309 113 71 cu
1181 7356 170 71 %os
1465 7356 132 71 an
1606 7323 66 99 j
1762 7323 572 109 obedience
2405 7337 109 94 to
2608 7328 198 113 law

269 7427 1346 217 Inhereveiled.
1757 7465 118 109 In
1975 7498 288 76 some
2353 7474 463 109 sections

269 7583 161 180 lof
454 7649 123 99 the
609 7620 250 109 south
902 7587 203 123 a‘iX
1087 7597 57 57 v
1148 7630 38 104 ;
1398 7606 76 137 t
1474 7606 156 137 of
1682 7606 180 94 the
1909 7606 586 128 legislators
2542 7644 269 76 were

369 7767 269 132 colored
676 7776 231 109 men;
978 7734 383 118 andW
1422 7743 241 118 gret
1715 7748 104 94 to
1876 7767 198 109 say
2154 7739 231 109 that
2480 7776 326 109 many

369 7932 71 99 of
463 7923 189 99 these
694 7923 213 66 were
950 7890 165 90 not
1162 7876 231 128 only
1446 7876 501 123 ignorant
1998 7880 217 99 and
2263 7880 539 132 illiterate,

373 8065 113 104 but
515 8022 458 123 absolutely
1063 8008 567 99 dishonest.
1772 8008 99 99 A
1961 8013 435 128 general
2476 8017 331 109 desire

378 8178 250 132 seemed
661 8183 80 85 to
794 8178 364 113 possess
1205 8145 170 99 the
1422 8140 373 132 people
1833 8145 109 94 to
1980 8140 128 109 be
2150 8145 647 151 legislators;

387 8306 321 128 udeach
746 8291 194 104 vied
983 8287 227 99 with
1266 8277 165 104 the
1483 8263 335 137 other,
1876 8277 279 109 from
2216 8296 180 94 the
2443 8301 302 99 minis-

387 8485 90 94 ter
506 8466 66 99 in
600 8443 128 109 the
761 8424 302 142 pulpit
1115 8433 104 90 to
1266 8419 175 99 the
1488 8409 406 113 laborer
1946 8452 137 71 on
2159 8424 180 104 the
2391 8428 359 137 planta-

397 8613 156 99 tion,
576 8594 66 94 in
671 8575 208 104 their
921 8561 350 99 efforts
1318 8575 109 80 to
1474 8551 713 109 consummaK
2291 8570 269 104 their
2631 8575 118 99 de-

397 8740 180 104 ^res.
652 8712 80 99 In
775 8707 146 90 the
969 8688 184 99 fall
1195 8688 109 99 of
1361 8688 283 118 1872,
1687 8698 189 90 out
1928 8698 118 90 of
2121 8702 397 128 twenty
2565 8731 184 76 can-

397 8863 246 113 didates
676 8844 118 99 for
831 8820 553 142 legislative
1431 8820 387 104 honors
1876 8816 132 142 (?)
2107 8825 109 104 in
2287 8825 458 118 Marlbor-

392 9000 175 132 oagh
595 8995 312 109 county,
954 8967 326 99 South
1328 8957 520 128 Carolina,
1904 8967 250 128 only
2230 8981 208 90 two
2485 8981 321 94 could

387 9132 180 123 nad'
619 9113 354 113 undone
1016 9099 671 99 unfortunate
1739 9094 241 104 who
2055 9099 184 104 did
2287 9132 189 76 not
2565 9142 184 71 suc-

387 9213 250 180 ceed’in
671 9250 402 128 securing
1139 9274 57 71 a
1238 9231 595 142 re-electing
1923 9246 113 99 to
2112 9241 184 104 the
2386 9246 364 132 legisla-

387 9444 137 85 ture
553 9416 217 113 wept,
808 9387 175 99 and
1030 9373 472 104 ^turned
1545 9378 312 123 again
1904 9378 104 99 in
2083 9378 180 104 the
2315 9387 487 132 capacity

397 9557 66 99 of
487 9543 255 132 janitor
808 9520 180 104 and
1030 9510 165 104 aid
1285 9510 378 99 menial
1757 9510 439 109 service.
2343 9510 231 109 The
2646 9553 104 71 re-

397 9685 128 113 sult
548 9676 76 104 of
652 9666 161 109 this
850 9661 515 128 ignorance
1413 9643 208 109 and
1663 9643 813 142 incompetency
2551 9690 246 99 may

402 9831 76 99 be
501 9808 260 123 readily
808 9784 515 137 imagined;
1408 9813 255 99 poor
1706 9813 246 71 men
2046 9789 435 104 became
2546 9794 189 104 sud-

397 9954 189 137 denly
609 9940 165 113 rich
850 9964 109 71 on
1054 9921 283 109 small
1427 9921 472 142 salaries;
1980 9921 213 109 and
2263 9931 189 104 not
2542 9931 255 146 only

397 10091 222 123 owned
685 10072 350 151 palatial
1096 10063 600 132 residences,
1795 10068 198 104 but
2065 10068 250 109 rode
2395 10072 402 113 behind

402 10233 260 142 spirited
718 10219 317 118 steeds,
1087 10205 406 104 clothed
1554 10209 113 99 in
1762 10209 335 132 costly
2178 10214 307 99 robes
2580 10219 213 99 and

406 10370 213 118 furred
657 10380 321 113 gowns;
1044 10351 274 128 great
1361 10342 326 99 funds
1734 10375 269 71 were
2079 10351 704 128 squandered,

416 10512 104 113 and
562 10517 194 94 state
794 10493 250 104 debts
1120 10479 265 142 piled
1460 10512 180 99 up,
1729 10479 307 109 while
2107 10483 180 104 the
2381 10498 406 99 statute

420 10644 184 118 books
671 10630 331 109 showed
1082 10654 293 94 many
1460 10620 723 128 corporations
2254 10630 170 99 for
2532 10630 255 128 gain

435 10781 260 109 wherein
732 10772 132 104 tlie
921 10791 317 71 names
1309 10757 109 94 of
1507 10753 184 104 the
1762 10757 591 128 legislators
2447 10762 274 104 them-

425 10923 184 113 sehes
643 10909 307 137 figured
987 10890 765 137 conspicuously
1824 10928 113 71 as
2008 10894 775 113 stockholders.

501 11060 57 104 It
581 11065 61 90 is
676 11083 94 71 no
813 11041 345 104 wonder
1205 11031 222 109 that
1479 11031 175 104 the
1729 11036 591 128 suspicions
2419 11041 113 104 of
2603 11041 184 104 the

435 11197 184 99 whole
657 11183 269 137 people
973 11206 222 71 were
1233 11173 472 118 aroused,
1781 11173 364 123 public
2216 11183 572 128 sympathy

435 11329 425 109 withdrawn,
902 11315 170 104 and
1115 11310 161 99 the
1323 11310 260 99 reins
1639 11310 113 99 of
1795 11324 694 118 government
2561 11343 170 109 per-

435 11466 227 118 nittad
694 11485 71 80 to
808 11457 146 109 fall
997 11457 189 99 into
1228 11447 170 104 the
1446 11443 340 109 hands
1833 11452 113 99 of
2017 11452 713 104 ex-slavehold-

439 11641 118 71 ers.
643 11603 142 99 But
860 11598 142 99 the
1082 11584 378 104 colored
1573 11584 586 132 legislators
2244 11622 265 71 were
2603 11608 189 90 not

449 11745 180 99 alone
652 11759 76 76 to
761 11735 255 94 blame
1058 11731 146 94 for
1276 11721 132 99 all
1498 11721 217 99 this
1805 11731 647 128 corruption;
2532 11731 255 132 they

449 11891 104 90 not
595 11872 156 123 only
784 11868 151 99 had
978 11877 85 85 to
1106 11863 222 94 bear
1403 11854 326 104 much
1781 11863 113 94 of
1961 11863 184 99 the
2216 11863 369 104 odium
2636 11896 104 71 re-

430 11981 491 146 sufttingfem
950 11995 132 94 the
1129 11991 491 94 misdeeds
1701 11995 113 90 of
1909 11995 274 94 their
2230 11995 317 104 white
2584 11995 156 104 col-

435 12142 317 123 leagues,
798 12132 123 94 but
959 12156 213 66 were
1214 12118 364 104 denied
1630 12123 180 99 the
1904 12132 581 132 sympathy
2575 12132 217 104 and

444 12288 298 118 support
775 12269 66 104 of
874 12265 123 99 the
1039 12255 548 132 intelligent
1639 12265 392 109 classes
2065 12269 113 104 of
2211 12269 175 104 the
2419 12274 369 132 south;

463 12416 180 113 who,
671 12406 260 99 instead
964 12406 85 94 of
1087 12402 383 128 joining
1517 12402 340 99 hands
1932 12406 250 99 with
2282 12411 180 99 the
2551 12411 189 99 law-

463 12543 279 128 making
765 12567 236 99 power
1039 12534 180 99 and
1261 12534 718 132 contributing
2074 12543 113 99 of
2282 12543 279 104 their
2627 12576 118 71 su-

463 12685 213 137 perior
704 12676 151 104 skill
893 12671 161 104 and
1096 12676 567 123 experience
1762 12676 109 99 in
1942 12709 198 71 one
2230 12685 345 123 grand
2650 12685 99 99 ef-

463 12822 132 99 fort
628 12836 61 76 to
718 12836 274 76 restore
1035 12841 298 99 peace.
1394 12808 515 132 harmony
1942 12813 208 99 and
2206 12822 595 128 prosperity

463 12964 66 90 to
557 12950 109 104 the
694 12969 378 109 prostrate
1115 12945 180 99 and
1328 12945 709 132 disorganized
2093 12954 359 123 south,
2499 12954 298 104 stood

454 13087 194 123 aloof,
709 13087 293 99 treated
1087 13082 246 104 their
1417 13087 746 132 experimental
2230 13091 369 104 efforts
2693 13101 109 99 at

454 13247 439 109 government
935 13224 198 94 with
1181 13219 392 104 studied
1620 13257 340 94 scorn,
1998 13224 217 109 and
2258 13228 198 104 left
2509 13233 288 109 them

463 13380 66 85 to
548 13356 293 109 succeed
865 13389 90 76 as
997 13365 194 99 best
1238 13361 227 132 they
1517 13361 340 104 could.

534 13531 109 99 Let
709 13564 85 66 us
860 13545 203 85 turn
1167 13535 255 99 from
1531 13531 208 104 this
1833 13535 194 104 sad
2117 13540 416 128 picture
2570 13550 113 94 to
2735 13578 61 71 a

402 13668 14 118 I
468 13668 269 99 cheerful
770 13701 184 66 one:

402 13814 241 104 Lisgels
680 13847 99 52 are
831 13828 241 90 bright
1139 13833 194 85 still,
1398 13833 317 94 though
1819 13833 156 76 the
2079 13838 439 94 brightest
2594 13843 203 90 fell;

718 13918 76 71 all
846 13923 241 85 things
1134 13923 170 71 foul
1332 13923 260 76 would
1630 13946 222 57 wear
1885 13928 146 76 the
2069 13928 283 80 brows
2386 13932 94 76 of
2513 13951 288 71 grace,

269 13998 458 109 ^^■etgrace
751 14022 180 66 must
959 14013 175 76 look
1162 14031 113 57 so.

392 14135 104 99 ■
539 14135 279 128 Though
865 14173 265 94 many
1176 14140 213 99 foul
1427 14145 293 99 deeds
1767 14145 265 104 have
2079 14145 265 104 been
2438 14178 369 104 perpe-

392 14244 260 128 Kiied
690 14277 94 123 by
813 14277 463 99 dishonest
1323 14310 213 66 men
1587 14282 99 94 in
1734 14282 175 99 the
1932 14287 260 123 garb
2230 14287 118 99 of
2395 14287 359 132 legisla-

392 14419 335 118 ■oß,yet
761 14409 203 132 they
997 14409 118 99 do
1162 14428 170 85 not
1375 14419 373 99 detract
1800 14452 184 71 one
2031 14424 217 99 iota
2291 14424 283 99 from
2622 14428 184 99 the

392 14542 472 161 yrliuessof
888 14551 151 94 the
1082 14584 222 90 pure
1346 14551 524 128 legislator,
1913 14556 227 99 who
2183 14561 189 104 has
2409 14594 250 71 near
2693 14575 109 90 to

392 14655 161 123 •
605 14679 198 104 heart
841 14679 161 104 the
1035 14698 416 118 greatest
1531 14688 260 137 good
1876 14702 109 94 to
2074 14698 180 104 the
2343 14707 468 123 greatest

444 14811 307 118 ■aber.
860 14820 269 104 Even
1233 14830 99 99 in
1408 14863 265 71 some
1762 14835 109 99 of
1942 14835 175 104 the
2216 14835 595 132 legislative

444 14976 222 80 ■lies
694 14962 85 94 of
831 14962 156 94 the
1030 14962 283 99 south
1365 14986 236 80 wete
1639 14976 99 90 to
1791 14972 123 99 be
1961 15000 236 76 seen
2272 15009 246 76 men
2565 15009 184 99 pos-

430 15090 231 156 yd
713 15094 94 99 of
860 15094 222 104 such
1129 15132 57 71 a
1228 15104 340 128 degree
1654 15109 109 99 of
1828 15109 411 104 natural
2339 15118 472 137 sagacity

605 15227 496 113 intellectual
1143 15236 378 109 culture
1564 15279 109 71 as
1720 15250 340 104 would
2107 15255 265 104 have
2438 15255 369 109 shown

392 15350 576 161 ■idvantage
1002 15378 118 123 by
1172 15378 161 104 the
1375 15387 208 99 side
1630 15387 109 99 of
1828 15420 269 76 some
2140 15397 109 104 of
2343 15397 180 104 the
2575 15402 236 104 best

392 15491 378 198 ^■ndsin
808 15515 156 104 the
1006 15520 307 132 north,
1351 15529 198 99 and
1597 15534 302 99 could
1951 15548 170 90 not
2183 15539 123 104 be
2343 15543 472 109 swerved

392 15643 241 109 ■mm
661 15652 123 99 the
817 15657 231 128 right
1087 15666 236 123 path
1370 15666 132 132 by
1550 15666 335 104 bribes
1932 15676 203 99 and
2183 15676 439 109 threats.

392 15775 123 113 ■
562 15784 142 104 Ibis
732 15794 61 94 is
831 15798 487 132 especially
1361 15813 213 90 true
1620 15808 109 94 of
1795 15808 175 99 the
2060 15813 402 104 colored
2509 15817 260 132 legis-

392 15907 326 113 ■itorin
761 15926 80 99 of
879 15954 468 109 congress,
1384 15940 198 99 and
1620 15940 43 94 I
1701 15940 260 104 have
1965 15954 208 132 jet
2220 15964 109 85 to
2372 15954 288 99 learn
2707 15959 113 99 of

392 16044 761 151 ■oneconspicuous
1200 16072 359 109 failure
1602 16110 128 71 on
1809 16049 454 175 his’part,
2315 16096 350 123 acting
2712 16101 109 99 in

392 16186 227 118 ■w
647 16209 392 128 capacity.
1181 16214 137 99 To
1365 16219 694 123 particularize
2112 16261 104 71 as
2258 16243 104 90 to
2409 16243 416 94 colored

392 16356 581 151 ygressmen
1039 16351 326 94 would
1460 16356 123 94 be
1668 16356 506 104 invidious
2263 16370 331 104 where
2683 16375 142 104 all

392 16455 435 203 ^■quilted
860 16479 557 109 themselves
1450 16517 113 76 so
1616 16493 265 137 well;
1942 16498 180 109 but
2169 16540 227 90 may
2452 16545 142 66 we
2641 16526 184 90 not

392 16597 279 113 Mpint
699 16616 175 94 with
917 16620 581 118 pardonable
1545 16635 288 123 pride
1885 16654 99 80 to
2022 16644 175 94 the
2287 16654 345 94 record
2717 16654 113 99 of

392 16729 246 146 -W
676 16762 317 90 veteran
1063 16753 529 137 legislator,
1668 16767 392 132 Joseph
2150 16776 137 109 H.
2391 16781 435 142 Rainey,

680 16880 350 142 through
1106 16932 57 66 a
1233 16904 340 123 period
1663 16909 109 99 of
1866 16918 231 94 nine
2183 16932 647 94 consecutive

392 17013 283 194 jprs
704 17022 71 99 in
841 17055 411 109 congress
1332 17036 250 142 kept
1654 17041 161 104 his
1861 17050 66 47 “
1984 17046 331 113 honor
2362 17055 468 137 bright,”

685 17150 397 118 delivered
1124 17206 118 94 up
1332 17173 156 104 his
1573 17183 241 128 high
1861 17197 279 94 trust
2225 17202 383 99 amidst
2660 17206 170 99 the

392 17296 392 99 ■ptaits
822 17301 85 94 of
945 17301 142 99 the
1120 17315 298 94 whole
1460 17320 383 123 nation,
1904 17353 109 66 as
2050 17329 175 94 the
2272 17334 562 109 honorable

1058 17433 151 109 the
1318 17443 331 113 Uouse
1739 17457 113 104 of
1918 17457 912 142 Representatives

392 17575 279 170 ■wj?
704 17698 61 47 ii
902 17608 146 66 1110
1124 17613 57 94 P
1186 17584 279 104 ublicl
1479 17622 61 99 y
1587 17598 156 94 for
1819 17598 751 132 distinguished
2622 17622 208 94 and

392 17702 373 137 ■“
775 17731 43 66 e
893 17712 364 99 services
1342 17726 458 109 rendered
1880 17745 104 90 at
2041 17773 57 71 a
2150 17745 383 109 critical
2622 17783 146 80 mo-

392 17839 326 104 ■heri?
831 17839 85 104 Is
997 17844 66 109 it
1106 17863 156 99 not
1342 17877 255 94 meet
1639 17887 99 90 at
1819 17877 203 109 this
2069 17887 246 109 time
2362 17887 236 113 that
2650 17901 189 104 the

392 18005 274 71 ■aae
699 17986 99 94 of
841 17986 194 99 that
1110 17995 260 104 other
1398 18009 378 104 colored
1843 18019 557 132 legislator,
2452 18033 387 104 should

392 18118 137 90 Ke
567 18123 487 99 mentioned
1096 18123 90 99 in
1228 18161 118 71 ne
1413 18151 501 99 uncertain
1965 18189 217 99 way
2220 18161 47 104 ?

392 18241 255 109 IMr
680 18246 529 142 Chairman,
1285 18269 43 99 I
1365 18279 317 104 would
1724 18288 217 109 that
1984 18293 47 99 I
2083 18298 307 109 could
2433 18312 113 94 at
2627 18307 217 104 this

392 18392 213 94 ■me
638 18392 274 99 recall
959 18430 57 66 a
1054 18402 397 132 picture,
1498 18449 236 71 once
1776 18458 104 71 so
1928 18430 383 137 vividly
2362 18454 425 113 portray-

392 18524 132 94 ■d
567 18534 76 85 to
671 18524 156 99 the
865 18539 690 113 astonishment
1597 18562 104 94 of
1762 18562 161 104 the
1965 18572 557 113 American
2594 18614 184 94 peo-

392 18666 170 90 ■ie.
671 18666 99 113 O,
822 18676 76 85 it
954 18699 184 66 was
1176 18680 472 128 majestic!
1781 18699 227 123 Yes,
2060 18709 80 99 it
2187 18742 217 71 was
2447 18718 387 118 grand!

392 18813 198 104 ■top
609 18822 52 66 a
680 18813 411 90 moment
1115 18813 189 99 and
1332 18822 364 109 reflect.
1753 18831 255 109 Here
2036 18865 109 80 at
2178 18846 180 104 the
2386 18855 463 104 nation’s

392 18931 321 128 ■capital,
794 18935 302 104 where
1176 18945 231 132 only
1483 18973 524 132 yesterday
2098 19011 307 104 guys,
2504 18987 335 109 blows

392 19063 146 104 ■and
605 19068 317 99 insults
987 19101 241 80 were
1299 19096 161 99 the
1507 19106 387 118 portion
1965 19120 109 99 of
2154 19120 184 104 the
2419 19124 420 109 colored

392 19195 24 99 I
472 19228 345 76 mencan
874 19214 194 99 and
1153 19228 496 109 would-be
1724 19257 567 99 statesmen
2381 19257 463 109 croaked

416 19356 156 76 iceir
628 19337 345 109 dissent
1039 19351 255 113 from
1361 19398 194 104 any
1625 19375 236 132 plan
1928 19384 430 142 looking
2438 19398 406 109 toward

392 19465 118 132 she
586 19479 643 118 amelioration
1332 19507 118 99 of
1554 19512 260 109 their
1932 19531 572 132 condition,
2627 19545 213 99 and

444 19611 269 109 atched
808 19635 175 90 out
1082 19639 472 137 startling
1682 19658 472 132 theories,
2287 19668 562 128 involving

397 19734 250 113 feds
728 19786 104 71 as
912 19767 104 94 to
1082 19767 170 104 the
1328 19776 425 142 Negro’s
1843 19795 600 146 humanity;
2551 19814 283 132 here,

392 19894 227 128 Wm
694 19894 165 104 the
921 19913 430 99 nation’s
1413 19937 283 113 great
1743 19937 208 104 hall
2008 19946 113 94 of
2197 19923 643 165 legislation,

392 20046 482 109 Founded
926 20046 123 113 by
1101 20046 165 99 the
1304 20074 846 109 representatives
2197 20083 113 94 of
2376 20088 468 123 50,000,-

392 20173 208 94 ■of
661 20173 383 128 people,
1096 20183 288 104 while
1431 20192 170 109 the
1687 20206 520 113 ministers
2254 20220 118 99 of
2443 20225 402 109 earth’s

392 20310 317 99 ■Bed
742 20310 302 104 heads
1087 20310 359 118 looked
1493 20348 680 137 approvingly
2206 20391 180 85 on,
2443 20357 402 109 Robert

392 20457 444 109 •Pott,
888 20485 61 66 a
1016 20457 666 118 full-blooded
1748 20480 383 132 Negro,
2169 20490 307 104 stood
2546 20499 293 99 forth

392 20584 737 194 ^^^majesty
1214 20598 113 99 of
1413 20613 227 99 true
1729 20622 557 132 manhood,
2343 20631 208 109 and
2584 20636 255 104 with

392 20721 312 142 MF
713 20721 208 99 lolh
935 20731 113 99 fe
1096 20731 104 99 in
1247 20740 449 137 burning
1739 20759 562 128 eloquence
2372 20778 213 99 and
2641 20778 203 99 bit-

1011 20901 66 94 ^
1082 20906 180 61 ave
1502 20887 94 94 R
1611 20920 118 66 e,l
1743 20906 33 80 t
1786 20924 61 66 u
1857 20896 302 132 cky’s
2230 20910 340 123 proud
2650 20943 194 71 son

392 20995 246 184 JFT
732 20995 99 132 '.)
912 20995 19 184 ‘
987 21033 61 66 a
1124 21005 402 118 Roland
1616 21024 161 104 for
1852 21066 137 66 an
2065 21033 487 146 Oliver;”
2631 21052 217 104 and

1153 21151 109 99 t°
1328 21189 57 66 a
1394 21156 104 128 ^'>
1583 21189 33 71 *
1620 21194 66 71 n
1739 21165 175 109 th®
1989 21180 562 109 confusion
2631 21189 217 109 and

392 21265 624 113 uscomtiure
1058 21279 109 104 of
1238 21283 156 113 his
1441 21307 643 128 antagonist,
2131 21312 246 109 that

477 21411 180 76 Ooe
685 21420 128 76 tot
860 21444 90 76 of
983 21458 298 71 nature
1313 21463 293 76 makeg
1639 21472 146 71 thc
1824 21477 283 76 whole
2140 21487 269 76 world

392 21553 146 90 ind
581 21553 241 99 that
869 21609 52 66 e
969 21581 406 109 colored
1417 21595 572 132 legislator,
2041 21614 255 104 with
2348 21652 137 66 an
2537 21624 317 118 equal

392 21713 364 165 ■Pye,
803 21713 194 99 uhe
1044 21746 241 99 peer
1328 21756 113 66 or
1483 21761 246 104 any.

392 21850 5 156 .
978 21850 265 109 shall
1299 21855 43 104 I
1394 21893 180 104 say
1625 21874 113 99 of
1828 21874 236 109 that
2112 21883 317 109 noble
2476 21898 307 109 stand-

935 21997 213 99 .his
1200 22035 227 76 race
1483 22011 260 128 who,
1800 22020 250 99 with
2102 22063 57 66 a
2206 22030 482 113 loftiness
2735 22044 113 99 of

718 22129 279 109 HWd
1054 22139 595 132 challenges
1743 22153 661 137 admiration,
2504 22176 283 104 deter-

1294 22276 222 109 that
1573 22290 345 104 would
2003 22299 326 109 brook
2419 22342 132 71 no
2608 22318 194 104 fail-

1049 22403 71 113 ■
1120 22403 298 113 F-ed
1474 22436 676 132 persistency,
2202 22455 416 118 pressed
2674 22488 123 71 on-

1384 22564 269 99 unt'^
1729 22569 123 99 he
1961 22583 477 123 reached,
2537 22597 161 99 for
2792 22630 61 66 a

1427 22696 227 99 that
1743 22701 246 128 high
2041 22724 227 118 goal
2334 22729 170 90 the
2598 22734 250 99 road

1446 22838 246 94 with
1828 22876 104 66 so
2008 22876 312 113 many
2438 22866 416 99 blasted

973 22998 66 142 V
1252 22956 841 189 ^X’ubitions—
2107 22989 165 104 the
2334 23008 520 118 presiden-

1294 23098 189 137 Bl
1550 23112 170 99 the
1824 23121 378 109 United
2291 23140 345 99 States
2740 23145 113 99 of

1332 23230 472 123 Bnlion
1909 23258 151 104 his
2117 23277 354 94 name?
2627 23282 227 99 You

468 23419 425 132 twUfe-
1398 23367 189 175 Ek
1942 23400 118 90 hh
2131 23400 354 123 Brute,
2546 23424 307 99 reuis-

392 23509 5 203 •
1441 23509 246 203 |v
1786 23532 454 142 through
2362 23551 151 94 six
2613 23551 241 137 long

1498 23650 180 137 B
1724 23698 137 76 Ml
2183 23721 137 66 :..s
2386 23726 85 61 m
2816 23650 19 137 ,

2995 3043 113 99 of
3156 3043 572 104 demeanor
3761 3043 213 109 and
4020 3047 501 137 integrity
4573 3047 118 104 of
4739 3080 458 109 purpose
5249 3085 241 80 won
5528 3057 180 109 the

2995 3184 387 99 esteem
3430 3184 113 99 of
3595 3184 180 123 all,
3827 3184 449 104 without
4328 3189 373 128 regard
4762 3208 99 85 to
4904 3189 283 109 color
5235 3231 118 66 or
5405 3203 255 123 polit-

2991 3317 208 94 ical
3246 3317 335 99 creed.
3728 3317 198 99 His
3978 3350 307 71 name
4332 3321 208 99 will
4587 3354 142 99 go
4800 3331 378 99 adown
5230 3331 180 99 the
5461 3369 246 94 ages

2991 3444 227 99 side
3298 3449 137 128 by
3487 3444 222 109 side
3798 3449 265 104 with
4115 3487 189 66 our
4403 3463 553 132 country’s
5050 3477 364 118 purest
5494 3468 213 109 and

2995 3581 231 99 best
3274 3614 279 66 men.

3128 3718 142 94 At
3317 3723 425 123 present
3789 3751 151 71 we
3987 3723 274 99 have
4304 3723 203 104 but
4554 3732 213 99 two
4814 3732 425 104 colored
5287 3765 246 76 men
5598 3742 109 104 in

2995 3879 534 104 congress,
3576 3850 406 113 Robert
4030 3855 387 113 Smalls
4465 3865 217 109 and
4729 3869 288 104 John
5074 3869 132 109 R.
5263 3874 435 146 Lynch;

2995 3987 194 99 but
3236 3992 85 99 if
3416 3992 274 104 their
3746 4006 241 123 past
4072 4002 373 99 record
4493 4006 90 94 is
4663 4035 66 71 a
4776 4006 231 128 just
5060 4016 491 104 criterion
5598 4020 113 99 of

2991 4124 283 104 their
3321 4129 369 104 future
3742 4134 444 132 actions,
4243 4134 184 109 the
4483 4167 321 85 cause
4857 4148 118 104 of
5065 4148 180 109 the
5296 4153 416 113 colored

2991 4261 548 132 legislator
3614 4276 217 99 will
3917 4280 331 99 suffer
4342 4309 132 71 no
4573 4280 567 109 detriment
5249 4304 113 90 at
5428 4299 279 104 their

2995 4398 387 104 hands.

3123 4531 227 109 The
3397 4535 808 113 noble-hearted
4271 4545 317 109 north
4639 4550 90 109 is
4824 4550 439 146 making
5315 4564 326 113 admir-

2995 4668 236 109 able
3326 4677 770 109 advancement
4186 4687 109 104 in
4342 4691 184 104 the
4616 4729 227 94 way
4894 4701 109 99 of
5098 4710 609 128 promoting

2995 4809 184 99 her
3260 4814 425 99 colored
3732 4847 250 71 sons
4030 4828 109 90 to
4200 4805 605 146 legislative'
4809 4833 562 132 positions.
5523 4843 123 104 Al-

2995 4942 321 146 ready
3387 4951 109 104 in
3567 4951 184 109 the
3841 4965 302 123 great
4186 4970 335 104 states
4616 4975 113 99 of
4819 4970 883 142 Massachusetts,

2986 5088 312 123 Ohio,
3354 5088 487 123 Indiana,
3898 5098 444 123 Illinois,
4408 5107 430 99 Kansas
4918 5112 217 99 and
5183 5112 520 109 Colorado

2991 5220 425 99 colored
3463 5254 246 66 men
3761 5225 274 104 have
4082 5230 265 99 been
4398 5230 477 109 elevated
4942 5249 109 94 to
5098 5239 279 109 their
5428 5244 279 137 legal

2991 5348 378 132 sphere
3420 5357 118 99 of
3628 5362 392 128 action,
4072 5362 255 128 and,
4384 5400 288 76 some
4767 5372 118 104 of
4975 5376 298 104 them
5367 5414 175 71 are
5594 5395 109 90 at

2991 5485 213 104 this
3241 5490 255 104 time
3543 5499 420 132 serving
4016 5504 661 137 acceptably.
4819 5509 288 132 And,
5164 5509 170 104 Mr
5372 5518 283 104 chair-

2991 5655 293 99 man,
3335 5627 52 104 I
3444 5631 397 109 believe
3893 5669 146 76 we
4139 5674 170 76 are
4361 5679 137 66 on
4550 5646 180 109 the
4776 5646 553 113 threshold
5376 5655 118 109 of
5570 5693 132 71 an

2986 5797 180 71 era
3217 5769 203 99 full
3472 5773 113 99 of
3661 5773 180 104 life
3898 5778 208 99 and
4157 5778 279 132 hope
4483 5787 170 94 for
4696 5787 184 94 the
4928 5787 425 99 colored
5400 5820 298 104 man;

2986 5929 142 71 an
3175 5934 180 71 era
3406 5901 345 109 where
3798 5910 180 99 the
4025 5910 420 109 colored
4517 5920 543 132 legislator
5107 5920 246 132 will,
5409 5924 109 109 in
5575 5962 132 71 no

2986 6066 335 99 sense,
3430 6043 132 104 be
3609 6080 61 66 a
3761 6047 458 104 “barren
4323 6052 553 132 ideality,”
4932 6057 203 104 but
5206 6066 255 94 with
5551 6066 104 99 in-

2991 6175 430 99 creased
3463 6184 510 94 numbers
4011 6184 213 94 and
4271 6189 633 128 inteligence
4956 6189 161 99 his
5164 6194 534 109 influence

2991 6307 217 104 will
3260 6307 128 104 be
3454 6307 198 109 felt
3718 6312 217 109 and
4006 6312 827 151 acknowledged
4928 6326 113 109 in
5121 6326 180 109 the
5395 6331 288 113 land.

2986 6444 803 132 Cosmopolitan
3865 6458 118 99 in
4077 6458 165 104 his
4361 6463 472 132 feelings,
4890 6463 369 104 liberal
5339 6477 104 94 in
5528 6472 165 99 his

2986 6581 331 123 ideas,
3359 6586 213 99 and
3619 6586 435 104 imbued
4153 6595 255 99 with
4460 6609 302 118 great
4852 6628 562 80 reverence
5518 6614 189 99 not

2986 6718 255 132 only
3279 6718 170 104 for
3496 6718 406 113 human
3940 6737 666 99 enactments
4654 6732 198 109 but
4909 6737 165 109 for
5112 6742 184 104 the
5339 6780 369 71 source

2986 6855 118 94 of
3189 6860 142 99 all
3383 6860 236 118 law,
3676 6860 132 104 he
3907 6865 213 99 will
4209 6869 132 99 be
4394 6869 180 99 the
4620 6874 274 99 ideal
4984 6874 548 132 legislator
5584 6883 118 99 of

2986 6987 222 104 this
3250 6992 350 132 grand
3647 6992 293 109 land.

3553 7328 789 132 DETROIT
4422 7337 718 137 LETTER.

3014 7597 430 80 Social
3520 7597 255 80 and
3874 7606 1266 90 Political—Colored
5230 7616 392 85 Teach-

3591 7753 208 66 ers
3850 7734 137 85 in
4054 7739 425 85 White
4526 7743 572 90 Schools.

3529 7871 321 90 Special
3883 7876 666 90 Correspondence
4583 7880 94 85 of
4729 7880 151 76 The
4918 7885 265 76 Globe.

3118 7989 520 132 Detroit,
3690 7998 217 99 Jan
3983 7998 435 104 B.—We
4493 8003 269 104 have
4833 8013 194 99 not
5083 8008 378 113 lacked
5532 8017 170 104 for

2976 8159 628 137 enjoyment
3671 8197 118 71 or
3860 8169 482 132 pleasure
4427 8173 392 137 during
4904 8183 184 104 the
5154 8183 534 146 holidays;

2981 8362 137 71 on
3170 8334 184 99 the
3402 8343 496 132 contrary
3950 8339 180 104 the
4181 8376 373 76 season
4630 8343 194 109 has
4876 8348 265 109 been
5187 8362 444 104 unusual-

2981 8504 113 132 ly
3165 8509 392 104 active.
3704 8509 165 104 On
3921 8513 600 109 Christmas
4587 8523 496 128 evening,
5169 8528 184 104 the
5419 8532 208 99 Sun-

2986 8674 213 132 day
3250 8674 369 99 school
3671 8679 118 94 of
3883 8679 180 99 the
4110 8679 217 99 2nd
4375 8679 425 132 Baptist
4847 8688 472 132 Church,
5376 8693 255 137 Crog-

2981 8835 213 109 han
3250 8844 359 123 street,
3666 8839 217 113 had
3931 8882 66 71 a
4049 8844 581 118 Christmas
4682 8863 222 99 tree
4951 8868 208 99 and
5220 8863 463 109 festival.

2981 8972 161 104 On
3189 8976 184 99 the
3420 8986 454 156 events
3921 8986 118 90 of
4129 8986 217 94 Dec
4394 8991 165 113 27,
4616 8995 180 94 the
4843 8995 444 137 Sunday
5329 9000 364 109 school

2976 9109 118 104 of
3175 9099 383 113 Bethel
3609 9099 151 113 M.
3850 9109 132 113 E.
4030 9109 420 113 Church
4507 9118 213 109 had
4767 9156 61 76 a
4866 9123 213 109 like
5117 9142 515 104 entertain-

2976 9260 335 118 ment,
3387 9283 118 71 as
3576 9250 184 104 did
3827 9255 217 99 also
4120 9255 184 104 the
4408 9255 435 137 Sunday
4918 9265 369 109 school
5376 9279 118 94 of
5565 9279 128 99 St

2976 9378 567 109 Matthews
3595 9383 118 128 P,
3770 9387 128 99 E.
3964 9387 477 109 Mission.
4587 9392 227 104 The
4861 9406 831 104 entertainment

2972 9515 113 104 of
3156 9515 184 104 the
3420 9520 321 104 latter
3808 9553 213 71 was
4096 9524 246 99 held
4413 9529 109 99 in
4573 9524 123 109 St
4767 9534 553 109 Andrew’s
5395 9543 283 109 Hall.

2972 9652 123 104 St
3146 9652 572 109 Matthews
3765 9657 94 99 is
3907 9690 137 76 an
4120 9666 709 132 enterprising
4876 9671 279 104 little
5202 9680 472 128 mission,

2967 9789 217 104 and
3274 9789 85 104 it
3449 9789 189 109 has
3718 9822 241 76 now
4049 9798 113 99 in
4238 9831 425 99 process
4757 9808 113 99 of
4942 9813 501 128 erection,
5542 9855 142 76 an

2967 9926 416 137 elegant
3435 9931 269 113 little
3756 9931 420 146 chapel,
4219 9935 350 113 which
4620 9945 113 109 in
4776 9945 397 146 beauty
5225 9959 213 104 and
5485 9964 146 104 fin-

2962 10072 170 104 ish
3227 10072 217 104 will
3515 10091 189 94 not
3765 10077 132 104 be
3978 10082 463 109 excelled
4554 10087 146 132 by
4772 10120 213 104 any
5074 10096 406 104 church
5565 10110 118 99 of

2967 10209 331 99 either
3335 10243 274 94 race,
3661 10219 123 99 of
3827 10219 142 99 its
4035 10219 203 99 size
4280 10252 118 71 or
4450 10219 265 104 kind
4762 10224 113 99 in
4928 10228 170 104 the
5150 10233 255 132 city.

3094 10346 227 99 The
3373 10346 288 109 Elite
3751 10351 321 104 social
4106 10356 250 99 club
4398 10389 274 99 gave
4753 10361 279 104 their
5065 10370 402 109 annual
5509 10398 113 80 so-

2962 10483 203 104 cial
3217 10498 113 90 at
3411 10488 184 99 the
3643 10488 534 109 residence
4219 10493 113 104 of
4431 10498 175 99 Mr
4649 10498 208 109 and
4951 10502 222 104 Mrs
5225 10507 449 132 Finney,

2962 10620 501 132 Croghan
3534 10635 359 118 street,
3950 10658 137 71 on
4181 10630 180 99 the
4431 10635 454 132 evening
4975 10644 123 99 of
5187 10644 217 99 Dec
5504 10649 161 104 28.

2962 10753 109 104 It
3161 10791 217 71 was
3472 10795 66 71 a
3628 10795 255 104 very
3978 10762 231 109 nice
4280 10767 345 128 affair,
4706 10772 208 104 and
5013 10772 142 109 all
5249 10795 430 123 present

2962 10899 420 104 seemed
3449 10904 113 99 to
3638 10899 274 109 have
3978 10904 458 137 enjoyed
4507 10909 661 113 themselves.
5310 10923 99 99 A
5476 10923 151 132 pil-

2962 11031 198 109 low
3208 11065 246 76 case
3524 11041 213 99 and
3784 11041 302 104 sheet
4176 11055 321 123 party
4540 11079 217 71 was
4828 11055 661 109 entertained
5561 11069 113 94 at

2962 11173 184 94 the
3213 11173 539 104 residence
3836 11178 118 99 of
4025 11178 222 99 Mrs
4318 11178 539 132 Simpson,
4904 11187 335 104 South
5310 11202 364 123 street,

2962 11339 137 71 on
3151 11310 180 104 the
3406 11310 458 137 evening
3907 11310 113 109 of
4115 11310 189 109 the
4351 11320 161 104 29.
4658 11320 260 109 New
4989 11329 383 104 Year’s
5461 11334 213 137 day

2962 11480 213 71 was
3260 11485 194 66 one
3548 11452 350 104 which
3992 11485 161 71 we
4247 11452 369 113 “lords
4663 11466 123 99 of
4852 11471 543 99 creation”
5461 11476 213 104 had

2962 11584 255 132 long
3265 11584 392 104 looked
3704 11594 208 118 for,
3969 11589 208 99 and
4228 11589 213 109 had
4493 11598 213 99 laid
4757 11598 146 132 by
4951 11617 302 113 great
5296 11641 317 99 expec-

2962 11721 439 99 tations.
3548 11721 231 104 The
3869 11726 463 104 weather
4375 11759 213 76 was
4682 11731 250 128 fine,
4984 11740 217 99 and
5287 11754 378 118 except

2962 11891 66 71 a
3094 11854 279 132 light
3449 11858 194 104 fall
3718 11863 123 99 of
3902 11891 293 71 snow
4266 11863 288 132 early
4630 11868 109 99 in
4809 11868 184 104 the
5065 11877 605 123 afternoon,

2962 11995 222 94 was'
3250 11995 151 99 all
3482 11995 246 94 that
3831 11995 326 99 could
4243 11995 132 99 be
4460 11995 449 104 desired.
5046 12000 231 109 The
5343 12009 331 104 ladies

2962 12123 515 132 gathered
3548 12128 482 137 together
4096 12132 109 99 in
4328 12165 397 132 groups
4795 12142 109 99 to
4975 12142 406 109 receive
5494 12151 184 104 the

2967 12265 265 165 caU|
3283 12307 128 66 o*
3487 12265 274 109 their
3803 12274 605 128 gentlemen
4455 12274 444 128 friends,
4951 12283 217 99 and
5216 12283 463 128 perhaps

2976 12378 487 128 thiFfact
3543 12435 288 71 more
3874 12406 265 104 than
4186 12439 213 104 any
4479 12411 317 99 other
4838 12420 591 104 accounted
5509 12425 170 104 for

2972 12539 180 104 the
3170 12543 454 123 scarcity
3652 12543 118 99 of
3817 12539 180 104 the
4049 12543 335 132 single
4431 12543 359 109 caller.
4871 12553 227 104 The
5126 12553 213 137 day
5362 12595 213 71 was
5617 12595 66 71 a

2976 12685 288 123 quiet
3383 12709 236 99 one,
3690 12709 142 71 no
3921 12680 392 132 rioting
4408 12718 113 66 or
4597 12685 591 109 ruffianism
5282 12699 123 99 of
5471 12732 208 99 any

2972 12808 265 104 kind
3321 12841 217 71 was
3605 12841 250 71 seen
3898 12817 113 94 in
4106 12846 198 76 our
4370 12827 411 94 streets.
4918 12822 109 104 It
5093 12860 222 71 was
5405 12836 279 104 after

2976 12950 52 94 1
3109 12945 411 109 o’clock
3595 12950 307 104 when
3973 12987 265 99 your
4304 12959 836 137 correspondent
5216 12969 113 104 in
5400 13002 213 76 com-

2976 13120 283 99 pany
3378 13087 255 104 with
3751 13096 406 99 several
4271 13096 354 104 others
4720 13106 411 104 started
5230 13139 142 71 on
5490 13143 194 71 our

2972 13224 350 99 round
3373 13224 113 104 of
3581 13224 260 109 New
3893 13228 378 104 Year’s
4318 13233 298 104 calls.
4762 13238 227 104 The
5036 13243 331 109 ladies
5419 13280 265 76 were

2976 13365 109 99 at
3132 13361 274 104 their
3463 13365 491 123 best,and
3987 13370 416 104 seemed
4446 13384 104 90 to
4587 13375 463 109 emulate
5083 13384 265 104 each
5381 13389 307 99 other

2976 13498 109 99 in
3161 13507 581 99 courtecies
3827 13507 373 99 shown
4271 13517 113 90 to
4431 13512 283 99 their
4795 13517 416 104 callers.
5362 13521 321 104 Their

2976 13635 345 104 tables
3373 13668 265 71 were
3676 13635 312 109 laden
4039 13639 312 104 down
4403 13649 250 94 with
4687 13654 534 128 tempting
5268 13663 411 113 viands,

2976 13772 364 128 fruits,
3416 13776 260 123 etc.,
3751 13776 288 104 what
4120 13776 425 109 wonder
4616 13781 255 109 then
4965 13791 90 99 if
5169 13824 151 71 we
5419 13828 269 71 were

2972 13909 406 137 gorged
3425 13913 213 104 and
3685 13913 468 109 suffered
4200 13951 137 71 on
4389 13918 184 104 the
4644 13937 255 94 next
4970 13928 246 132 day.
5357 13932 331 109 What

2976 14046 430 132 pleased
3454 14083 128 71 us
3628 14065 283 90 most
3954 14055 487 109 however
4531 14088 217 76 was
4795 14065 189 99 the
5079 14069 449 104 absence
5575 14074 113 104 of

2981 14187 269 99 wine
3331 14187 222 104 and
3595 14187 302 104 other
3973 14192 444 132 liquors,
4465 14197 175 99 for
4710 14230 250 71 ours
5050 14235 217 71 was
5320 14239 61 71 a
5428 14225 194 85 tem-

2981 14353 449 99 perance
3477 14329 387 99 crowd.
4016 14329 194 104 We
4261 14362 317 71 never
4654 14334 463 137 enjoyed
5159 14343 534 109 ourselves

2976 14461 345 104 better
3364 14494 123 71 or
3576 14466 302 104 fared
3969 14494 123 71 so
4162 14466 269 123 well,
4483 14471 198 104 but
4762 14476 189 99 the
5041 14480 213 128 day
5301 14490 109 94 at
5476 14485 217 104 last

2981 14631 298 71 came
3326 14608 113 94 to
3487 14631 142 76 an
3676 14603 208 104 end
3931 14631 118 76 as
4087 14608 146 99 all
4276 14608 364 137 things
4687 14613 425 104 natural
5159 14627 326 94 must.

3113 14740 430 132 Among
3595 14740 180 104 the
3822 14750 539 128 strangers
4408 14750 113 104 in
4573 14778 189 76 our
4852 14754 222 132 city
5140 14759 350 104 whom
5542 14797 151 66 we

2986 14891 217 85 met
3246 14877 222 99 this
3515 14877 213 132 day
3775 14887 411 123 worthy
4238 14887 118 99 of
4403 14887 506 123 mention,
4961 14896 194 99 not
5235 14896 458 104 because

2986 15009 260 132 they
3317 15019 557 123 possessed
3969 15052 283 71 more
4351 15019 491 132 abilities,
4942 15024 203 104 but
5239 15028 454 109 because

2986 15151 274 104 their
3307 15184 128 104 pc
3510 15156 269 99 ition
3827 15156 113 104 in
4025 15151 189 113 life
4290 15189 217 76 was
4602 15161 265 104 such
4961 15198 118 71 as
5173 15170 113 104 to
5381 15170 307 109 mark

2986 15288 298 109 them
3331 15326 118 71 as
3506 15298 312 132 ^eing
3865 15298 113 104 in
4025 15298 184 109 the
4261 15331 208 76 van
4521 15302 113 104 of
4682 15340 61 66 a
4824 15335 236 76 new
5150 15307 335 137 epoch
5580 15312 113 104 in

2986 15430 184 109 the
3222 15435 406 142 history
3680 15444 118 99 of
3846 15472 198 71 our
4091 15439 416 137 people,
4564 15477 213 76 was
4871 15444 265 109 Miss
5211 15449 487 113 Minerva

2991 15576 524 104 Edwards
3562 15576 113 109 of
3718 15576 236 142 Bay
4006 15576 274 142 City,
4342 15581 373 128 Mich.,
4772 15586 236 104 who
5098 15595 600 128 graduated

2986 15718 288 99 from
3326 15718 184 99 the
3562 15718 260 128 high
3869 15718 369 104 school
4285 15723 109 99 in
4446 15723 298 99 1881.
4890 15723 128 99 In
5112 15756 524 76 conversa-

2991 15850 227 99 tion
3269 15855 260 99 with
3572 15850 189 104 her
3808 15855 189 99 she
4044 15855 265 104 said:
4394 15860 66 47 “
4507 15855 222 104 The
4805 15855 236 109 first
5112 15898 250 99 year
5443 15865 255 132 they

3000 15987 378 137 placed
3425 16020 170 76 me
3628 15992 113 104 in
3775 15987 184 109 the
4020 15997 472 137 primary
4531 15992 709 142 department.
5386 16002 317 113 Some

2995 16139 444 128 parents
3487 16134 113 99 of
3685 16134 180 104 the
3912 16134 482 104 children
4441 16139 496 132 objected
5008 16157 113 90 at
5206 16143 231 104 first
5485 16148 217 104 and

2995 16271 548 99 withdrew
3595 16271 279 99 their
3917 16271 520 118 children,
4488 16276 203 99 but
4776 16276 260 99 then
5131 16276 255 137 they
5438 16313 265 71 were

2995 16403 260 137 glad
3307 16413 109 99 to
3468 16408 265 104 send
3798 16408 302 104 them
4195 16408 312 109 back.
4654 16408 269 113 Last
5008 16446 246 104 year
5343 16417 52 104 I
5499 16455 208 71 was

3000 16545 312 109 made
3359 16550 510 104 assistant
3917 16554 113 94 in
4072 16550 189 104 the
4304 16550 250 99 fifth
4606 16554 213 99 and
4909 16554 288 99 sixth
5287 16559 416 128 grades.

3000 16687 430 132 Among
3482 16715 180 104 my
3713 16682 359 137 pupils
4120 16687 52 99 I
4219 16687 458 104 number
4762 16720 293 76 some
5150 16691 283 109 from
5528 16696 184 104 the

3005 16819 236 109 first
3283 16824 463 104 families
3798 16824 109 104 of
3954 16824 189 104 the
4191 16828 260 132 city.
4592 16824 213 128 No,
4861 16824 236 109 Ido
5173 16843 184 90 not
5443 16833 269 104 have

3005 16994 213 94 any
3265 16961 430 104 trouble
3742 16994 279 85 now,
4072 16970 113 94 at
4238 16961 260 104 all.”
4649 16965 260 104 Miss
4961 16965 515 109 Edwards
5523 16970 85 104 is
5650 17003 66 71 a

3005 17131 260 104 very
3317 17098 491 137 pleasant
3850 17098 279 109 little
4209 17102 288 128 lady,
4587 17102 217 109 and
4899 17107 71 52 “
5013 17107 638 128 accomplish-

3005 17249 350 90 ments
3402 17268 180 71 are
3628 17244 369 94 native
4044 17254 109 85 to
4219 17239 312 99 her.”
4682 17239 227 99 The
5003 17244 227 99 fact
5320 17244 118 99 of
5528 17244 189 99 her

3009 17372 321 137 being
3373 17405 66 71 a
3487 17376 430 99 teacher
3964 17372 109 104 in
4115 17372 189 109 the
4346 17372 321 109 white
4762 17376 425 109 schools
5277 17376 118 109 of
5485 17376 231 142 Bay

3009 17509 283 137 City,
3350 17513 113 128 (a
3506 17518 213 128 city
3784 17518 113 94 of
3987 17518 387 118 22,000
4455 17518 746 128 inhabitants),
5296 17518 420 104 reflects

3009 17650 335 94 credit
3387 17679 298 99 upon
3732 17646 137 104 its
3917 17646 364 104 school
4332 17646 364 128 board,
4762 17646 236 109 who
5046 17650 392 104 looked
5528 17660 189 99 not

3009 17792 118 104 at
3175 17783 189 113 the
3402 17778 293 118 color
3728 17820 123 76 or
3893 17820 283 99 race,
4276 17787 203 109 but
4573 17797 113 104 at
4776 17787 189 113 the
5046 17792 676 142 intelligence

3009 17929 217 104 and
3279 17929 586 137 capability
3898 17934 118 99 of
4063 17934 184 99 the
4294 17934 557 128 applicant
4923 17934 217 104 and
5230 17939 491 99 awarded

3009 18066 189 99 the
3260 18066 468 123 position
3808 18066 718 132 accordingly.
4672 18066 222 99 But
4984 18066 231 132 Bay
5306 18066 241 142 City
5631 18076 90 99 is

3009 18208 198 94 not
3250 18198 189 104 the
3482 18203 250 132 only
3784 18208 217 128 city
4054 18208 109 99 in
4228 18236 198 71 our
4469 18213 279 94 state
4795 18208 354 99 which
5239 18213 482 132 employs

3014 18373 66 71 a
3128 18340 425 104 colored
3605 18340 458 104 teacher.
4209 18340 198 104 We
4455 18340 274 104 have
4776 18378 66 66 a
4894 18354 425 94 veteran
5372 18354 293 94 teach-

3014 18506 113 71 er
3165 18477 113 99 in
3326 18506 194 71 our
3572 18477 359 123 midst,
3983 18477 260 104 Miss
4304 18477 416 109 Fannie
4819 18477 562 128 Richards,
5485 18487 236 99 who

3014 18609 198 99 has
3260 18614 269 94 been
3576 18609 506 132 teaching
4124 18619 113 94 in
4332 18619 184 99 the
4587 18614 369 132 public
5008 18619 425 99 schools
5480 18652 246 66 ever

3019 18746 288 99 since
3354 18746 184 99 the
3586 18746 520 99 abolition
4153 18751 123 94 of
4365 18751 189 99 the
4635 18746 425 104 colored
5150 18751 420 104 schools
5617 18756 109 99 in

3019 18879 298 104 1870.
3463 18879 104 104 Is
3614 18879 553 132 Michigan
4209 18883 189 104 the
4441 18888 420 99 bannar
4951 18893 279 94 state
5315 18888 104 99 in
5518 18888 213 104 this

3009 19030 420 123 respect
3468 19020 47 99 ?
3652 19020 902 123 Correspondents
4602 19020 217 109 and
4861 19025 420 104 readers
5329 19025 118 104 of
5490 19030 241 104 The

3019 19153 369 104 Globe
3430 19157 113 99 in
3595 19162 307 94 other
3950 19167 373 118 states,
4365 19191 203 71 can
4616 19191 213 99 you
4880 19162 430 99 furnish
5362 19195 61 66 a
5494 19195 175 104 par-

3014 19290 241 109 allel
3298 19299 317 99 case?
3751 19290 113 109 If
3907 19328 156 94 so,
4120 19328 156 71 we
4318 19299 109 99 in
4498 19294 189 104 the
4757 19309 260 90 west
5093 19294 350 109 would
5518 19299 213 109 like

3014 19436 113 94 to
3175 19431 260 104 hear
3482 19431 279 104 from
3808 19465 213 99 you
4072 19431 468 142 through
4587 19436 189 104 the
4824 19436 491 104 columns
5348 19441 113 99 of
5513 19441 217 104 this

3009 19597 203 71 our
3260 19573 458 99 favorite
3765 19602 369 99 paper.
4285 19573 231 99 The
4559 19573 307 104 other
4913 19606 387 99 person
5343 19578 335 99 referr-

3014 19701 132 109 ed
3194 19715 109 94 to
3354 19701 340 109 above
3742 19710 90 99 is
3883 19706 260 104 Prof
4195 19701 123 109 T.
4380 19706 109 109 S.
4550 19701 406 113 Boston
5003 19710 123 104 of
5220 19710 501 142 Chicago,

3014 19843 217 113 111.,
3283 19843 246 109 who
3576 19843 198 109 has
3822 19847 468 132 recently
4342 19852 269 99 been
4663 19852 581 132 appointed
5320 19857 142 128 by
5551 19857 180 99 the

3019 19984 491 99 Western
3553 19975 435 113 Branch
4039 19989 113 99 of
4205 19984 180 104 the
4436 19989 378 99 Mason
4866 19989 85 94 &
5050 19989 444 99 Hamlin
5542 19989 123 99 Or-

3009 20145 217 99 gan
3274 20121 213 99 and
3534 20112 335 109 Piano
3898 20117 222 128 Co.,
4176 20121 354 104 whose
4583 20121 761 132 headquarters
5395 20154 175 76 are
5617 20131 113 99 in

3019 20254 501 132 Chicago,
3576 20287 118 76 as
3732 20258 576 137 travelling
4351 20268 364 128 agent.
4866 20263 170 99 Mr
5083 20254 402 113 Boston
5532 20268 85 99 is
5665 20301 66 66 a

3014 20395 524 128 graduate
3586 20395 113 99 of
3751 20395 184 104 the
3983 20395 468 132 Chicago
4502 20395 425 132 College
4970 20400 123 99 of
5159 20400 562 123 Medicine,

3019 20532 194 99 has
3269 20532 534 132 practised
3855 20565 61 71 a
3987 20532 279 104 little
4356 20532 113 104 in
4554 20532 165 104 his
4786 20532 633 137 profession,
5504 20537 94 104 is
5669 20570 61 71 a

3028 20665 279 137 good
3359 20669 557 128 musician,
3964 20702 260 104 very
4276 20674 397 104 affable
4762 20674 109 104 in
4923 20674 170 104 his
5183 20707 539 94 manners,

3019 20806 213 99 and
3274 20835 534 99 possesses
3860 20806 137 104 all
4049 20811 180 99 the
4276 20811 510 128 requisite
4809 20811 506 128 qualities
5348 20820 113 90 to
5494 20839 180 71 suc-

3019 20939 246 104 ceed
3317 20943 109 99 in
3472 20943 269 99 such
3813 20976 66 71 a
3945 20943 496 137 position.
4583 20943 170 109 He
4843 20976 340 76 seems
5249 20953 113 99 to
5461 20948 128 104 be
5665 20981 66 71 a

3019 21085 661 128 progressive
3728 21113 364 104 young
4139 21118 288 94 man,
4483 21085 217 104 and
4748 21118 156 71 we
4951 21085 269 104 wish
5315 21085 217 104 him
5584 21085 146 104 all

3019 21246 420 76 success
3482 21222 113 99 in
3643 21217 165 104 his
3855 21250 231 76 new
4139 21222 288 109 field.
4569 21217 203 109 We
4819 21255 213 71 saw
5117 21255 66 76 a
5249 21222 487 142 clipping

3019 21354 283 109 from
3383 21354 184 109 the
3643 21359 472 137 Chicago
4191 21359 694 109 Inter-Ocean
4937 21364 345 104 which
5334 21369 397 132 praises

3019 21491 189 104 the
3255 21496 548 104 Professor
3850 21501 411 132 highly,
4313 21501 213 109 and
4578 21501 364 104 marks
4984 21501 184 104 the
5239 21501 430 137 appoint-

3019 21638 298 94 ment
3364 21666 118 66 as
3529 21666 66 66 a
3638 21666 227 71 new
3907 21671 180 71 era
4129 21643 109 99 in
4276 21638 189 104 the
4493 21643 406 123 history
4918 21643 123 99 of
5079 21671 198 71 our
5310 21643 411 123 people.

3156 21765 231 104 The
3454 21765 364 109 ladies’
3921 21775 331 104 social
4370 21775 250 104 club
4715 21808 274 104 gave
5102 21775 274 104 their
5471 21775 260 104 New

3024 21902 383 113 Year’s
3477 21907 326 113 social
3921 21912 109 109 in
4120 21912 189 109 the
4365 21917 454 137 evening
4937 21917 123 104 of
5126 21912 246 113 that
5480 21917 246 137 day.

3024 22049 506 132 Finney’s
3567 22049 283 104 band
3888 22058 619 104 discoursed
4531 22068 326 94 sweet
4904 22058 335 104 music
5291 22058 213 104 and
5551 22058 184 99 the

3019 22186 331 104 hours
3463 22191 378 128 passed
3983 22195 425 137 merrily
4564 22224 340 109 away.
5050 22195 170 104 Mr
5329 22195 411 104 Walter

3024 22323 458 109 Stowers
3572 22332 501 104 returned
4120 22332 279 104 from
4474 22370 66 71 a
4583 22332 255 109 visit
4918 22342 113 99 to
5079 22332 652 132 Evansville,

3024 22460 288 132 Ind.,
3354 22465 217 104 and
3609 22460 600 113 Cincinnati
4243 22474 213 104 last
4502 22474 539 128 Tuesday,
5183 22469 175 104 Mr
5405 22469 269 104 Stow-

3024 22635 170 66 ers
3279 22630 255 104 goes
3619 22606 231 99 into
3921 22616 430 123 rapture
4441 22644 255 71 over
4786 22611 184 99 the
5041 22606 699 137 hospitalities

3024 22743 123 99 of
3208 22743 184 99 the
3463 22739 378 137 people
3917 22743 113 99 in
4120 22743 241 109 that
4431 22757 250 128 part
4753 22748 113 104 of
4961 22743 184 104 the
5230 22757 496 123 country.

3028 22876 222 104 One
3298 22880 118 99 of
3463 22876 184 104 the
3694 22876 293 109 chief
4030 22890 369 94 events
4474 22890 113 99 of
4639 22885 184 104 the
4871 22913 378 76 season
5296 22913 213 76 was
5561 22890 180 99 the

3028 23013 231 104 Oak
3307 23013 213 109 and
3567 23013 198 137 Iyy
3813 23017 317 104 social
4167 23031 109 94 at
4328 23027 184 104 the
4554 23022 543 109 residence
5140 23022 123 99 of
5306 23017 175 109 Mr
5528 23022 217 104 and

3028 23145 222 109 Mrs
3321 23154 222 99 Geo
3671 23154 458 128 Barrier,
4219 23159 203 104 432
4488 23159 543 109 Branbien
5150 23169 354 113 street,
5598 23192 146 71 on

3028 23282 491 142 Tuesday
3591 23296 491 128 evening,
4153 23296 213 104 Jan
4483 23301 99 99 2.
4729 23301 231 99 The
5046 23324 326 76 creme
5438 23296 128 104 de
5631 23296 118 104 la

3024 23452 326 76 creme
3397 23433 113 99 of
3557 23428 416 104 Detroit
4020 23461 217 76 was
4309 23433 340 132 there,
4701 23433 146 109 all
4928 23433 548 132 formality
5528 23466 217 76 was

3028 23556 420 113 thrown
3496 23570 288 104 aside
3822 23565 217 109 and
4087 23565 184 109 the
4318 23570 255 109 club
4620 23575 217 104 and
4876 23575 146 104 its
5060 23584 369 128 guests
5476 23608 274 71 were

3033 23698 250 113 bent
3331 23735 142 76 on
3562 23707 506 142 enjoying
4115 23712 676 118 themselves.
4937 23712 293 113 With
5324 23712 425 109 “music

5717 2683 534 165 NEW
6354 2693 718 203 YORK,
7176 2707 1332 208 SATURDAY,
8603 2735 1110 180 JANUARY
9827 2764 255 184 13,
10195 2773 477 161 1883.

5887 3066 213 109 and
6175 3076 255 104 with
6529 3076 420 113 flowers
7039 3085 180 109 the
7290 3090 383 132 joyous
7776 3099 321 113 hours
8187 3109 416 113 danced

5882 3213 265 94 on.”
6293 3213 227 104 One
6567 3222 118 99 of
6737 3222 180 99 the
6959 3227 293 104 chief
7304 3255 718 85 amusements
8065 3279 222 66 was
8329 3279 66 76 a
8443 3265 165 90 set

5887 3345 113 90 of
6052 3373 222 71 new
6321 3350 600 128 beginners,
6983 3364 236 99 who
7304 3364 213 104 had
7564 3397 317 76 never
7928 3373 416 113 danced
8428 3383 113 104 be-

5882 3472 269 109 fore.
6293 3477 317 113 Their
6704 3487 510 113 blunders
7266 3501 208 104 and
7569 3506 439 109 failures
8060 3548 265 71 were
8419 3520 184 104 the

5887 3643 312 76 cause
6250 3619 113 99 of
6454 3624 331 99 much
6855 3633 638 128 merriment,
7550 3643 109 99 in
7706 3643 354 109 which
8135 3652 180 104 the
8367 3685 175 104 par-

5887 3746 501 142 ticipants
6439 3756 255 109 took
6746 3794 118 71 as
6931 3770 345 104 active
7328 3808 61 71 a
7441 3784 241 123 part
7762 3813 118 76 as
7932 3784 180 104 the
8192 3803 354 118 specta-

5882 3888 260 109 tors.
6293 3893 335 109 There
6685 3935 265 71 were
6997 3907 548 128 checkers,
7597 3917 345 128 chess,
8003 3931 307 99 cards
8386 3931 213 104 and

5882 4030 345 132 magic
6298 4030 340 137 hoops
6704 4035 165 109 for
6969 4039 307 109 those
7346 4044 236 109 who
7658 4054 184 109 did
7918 4072 189 94 not
8216 4063 378 113 dance.

5882 4167 430 132 Among
6402 4167 184 109 the
6704 4186 534 132 strangers
7356 4200 430 118 present
7885 4228 269 71 were
8225 4200 373 109 Misses

5887 4299 487 109 Minerva
6420 4309 553 104 Edmonds
7049 4323 217 94 and
7318 4323 312 99 Anna
7724 4328 713 137 Washington
8485 4346 118 94 of

5882 4422 236 146 Bay
6165 4431 283 137 City,
6510 4441 350 142 Desdy
6935 4446 350 109 Miller
7332 4455 118 104 of
7540 4455 128 109 St
7715 4455 317 137 Clair,
8093 4465 151 109 M.
8301 4465 241 113 Will-

5882 4569 265 109 iams
6265 4578 118 104 of
6496 4578 638 142 Marquette,
7261 4592 482 137 Virginia
7904 4597 454 146 Bentley
8476 4620 118 99 of

5887 4710 364 104 Grand
6331 4720 439 128 Rapids,
6827 4724 260 104 Prof
7167 4724 406 109 Boston
7620 4739 123 94 of
7809 4734 510 137 Chicago,
8372 4753 222 99 and

5882 4838 170 113 Mr
6104 4843 430 113 Charles
6581 4852 491 118 Cottwell
7120 4866 113 109 of
7318 4866 435 142 Toledo,
7809 4876 307 113 Ohio.
8263 4880 331 113 Other

5882 4989 411 128 guests'?
6331 4994 213 104 and
6619 5008 557 118 members,
7233 5008 165 99 Mr
7450 5013 203 99 and
7753 5013 222 99 Mrs
8027 5022 222 94 Geo
8339 5022 189 99 Bar-

5882 5126 241 113 rier,
6180 5121 170 99 Mr
6439 5131 213 94 and
6704 5131 222 99 Mrs
7006 5140 194 94 Jas
7294 5140 137 94 H.
7517 5140 288 113 Cole,
7861 5145 170 104 Mr
8079 5154 217 104 and
8367 5154 227 109 Mrs

5882 5244 222 109 Geo
6151 5254 170 104 W.
6416 5254 392 132 Cheek,
6865 5258 175 104 Mr
7120 5268 213 99 and
7384 5268 222 109 Mrs
7654 5272 298 104 John
7994 5277 132 104 B.
8183 5287 340 99 Ander-

5882 5414 227 94 son,
6151 5386 170 99 Mr
6373 5395 213 94 and
6676 5395 222 94 Mrs
6940 5395 411 123 Harris,
7408 5400 175 99 Mr
7663 5409 213 99 and
7928 5409 217 99 Mrs
8225 5414 359 137 Henry

5882 5518 454 137 Copper,
6392 5518 170 109 Mr
6605 5528 217 104 and
6874 5523 217 118 Mrs
7172 5528 250 113 Wm
7469 5537 170 109 W.
7724 5537 591 146 Ferguson,
8372 5551 222 113 Mrs

5882 5655 482 132 Mirault,
6420 5665 222 104 Mrs
6694 5669 406 104 Robert
7134 5674 482 132 Pelham,
7663 5683 222 104 Mrs
7932 5679 128 109 L.
8117 5688 402 109 Tomlin-

5882 5825 231 94 son,
6194 5797 373 104 Misses
6661 5802 123 99 F.
6917 5811 595 123 Anderson,
7587 5816 298 109 Julia
8022 5816 340 142 Bush,
8461 5830 123 109 P.

5882 5929 449 132 Golden,
6387 5934 132 109 R.
6628 5934 435 132 Dolton,
7115 5943 142 109 H.
7365 5948 477 137 Warner,
7904 5962 132 104 A.
8135 5953 449 146 Brooks,

5882 6066 236 104 Eva
6189 6076 217 94 and
6496 6076 335 99 Lizzie
6926 6080 435 128 Young,
7460 6085 293 104 Meta
7852 6090 132 99 E.
8107 6057 477 151 Pelham’

5882 6198 331 109 Edith
6307 6198 477 132 Mirault,
6841 6203 132 104 F.
7068 6208 373 137 Grant,
7531 6222 132 104 A.
7743 6222 487 142 Watson,
8287 6231 298 118 Susie

5882 6340 213 104 and
6175 6340 312 128 Mary
6576 6345 562 132 Williams,
7195 6354 156 109 M.
7436 6359 652 137 Tomlinson,
8178 6373 406 113 Estella

5882 6477 213 99 and
6142 6477 293 104 Julia
6524 6482 416 123 Owens,
7016 6487 387 109 Messrs
7450 6496 118 99 C.
7649 6496 557 132 Williams,
8268 6506 128 109 D.
8447 6510 128 109 L.

5887 6609 482 132 Watson,
6468 6614 142 113 V.
6699 6619 520 142 Hackley,
7318 6624 137 113 R.
7583 6628 477 137 Pelham,
8150 6643 203 132 Jr.,
8443 6643 128 113 B.

5882 6751 260 128 Benj
6231 6751 482 128 Pelham,
6765 6761 250 104 Wm
7110 6765 132 99 H.
7304 6770 595 128 Anderson,
7956 6775 123 99 O.
8187 6784 373 128 Miller,

5882 6883 137 104 R.
6076 6865 487 151 Duncan,
6619 6893 109 104 J.
6780 6893 128 104 E.
6964 6898 359 132 Ames,
7380 6898 113 109 C.
7597 6902 472 137 Mirault,
8126 6912 132 109 A.
8320 6912 208 118 WTil-

5882 7054 227 80 son,
6165 7020 109 104 J.
6350 7025 260 137 Dye,
6666 7030 128 104 T.
6850 7030 246 104 Cole
7143 7044 208 99 and
7394 7044 392 104 others.

6019 7157 666 128 Wednesday
6780 7172 482 128 evening,
7318 7176 203 99 Jan
7620 7176 99 123 4,
7776 7209 61 71 a
7909 7186 454 99 number
8452 7195 118 99 of

5882 7318 364 109 young
6293 7290 236 109 lads
6576 7299 217 109 and
6831 7304 406 132 misses,
7285 7313 454 132 ranging
7781 7318 113 104 in
7942 7351 189 104 age
8187 7318 274 113 from
8509 7332 61 104 4

5877 7441 113 94 to
6043 7431 123 104 15
6217 7469 340 99 years,
6609 7474 269 99 gave
6912 7446 170 104 fcr
7129 7446 180 104 the
7351 7455 520 104 members
7909 7465 118 94 of
8107 7460 184 104 the
8324 7465 227 109 Oak

5882 7573 213 94 and
6142 7573 198 123 Ivy
6416 7573 307 128 Cinb,
6775 7587 113 94 at
6959 7578 184 109 the
7233 7587 529 113 re»«ience
7852 7597 118 99 of
8041 7592 156 109 Dr
8287 7597 109 104 S.
8443 7602 118 104 C.

5882 7701 482 137 Watson,
6406 7748 66 71 a
6562 7743 246 109 very
6888 7720 487 123 pleasant
7465 7734 850 99 entertainment.
8461 7743 99 99 It

5872 7852 411 118 opened
6331 7852 250 94 with
6638 7885 61 66 a
6751 7857 501 128 prologue
7332 7861 142 128 by
7526 7861 260 99 Miss
7885 7866 364 99 Hattie
8296 7866 194 109 Bar-

5872 7975 250 137 rier;
6203 7980 269 104 little
6524 7980 241 142 Lily
6817 7984 539 113 Watson’s
7450 7998 548 104 recitation
8050 8031 213 76 was
8315 8041 246 104 very

5877 8112 231 104 well
6161 8121 510 104 received.
6817 8121 227 109 The
7082 8131 491 104 tableaux
7625 8169 265 71 were
7965 8140 317 128 good,
8339 8145 222 99 also

5872 8249 184 104 the
6104 8254 402 109 drama.
6652 8258 222 104 The
6973 8268 817 109 entertainment
7880 8272 350 113 closed
8315 8282 241 104 with

5872 8419 137 71 an
6099 8395 491 132 epilogue
6685 8395 142 137 by
6917 8400 279 109 little
7332 8405 373 128 Maud,
7786 8414 208 104 and
8065 8452 66 66 a
8216 8424 345 123 grand

5872 8532 359 94 march
6331 8532 118 94 in
6487 8532 345 99 which
6902 8537 146 99 all
7115 8542 118 94 of
7304 8542 180 99 the
7554 8542 279 99 little
7904 8546 283 94 band
8296 8551 255 99 took

5872 8669 269 113 part.
6293 8660 222 104 The
6609 8698 364 99 young
7063 8665 288 109 folks
7441 8669 217 104 had
7696 8674 260 104 been
8027 8679 524 142 carefully

5868 8792 416 109 trained
6331 8797 142 123 by
6520 8797 260 109 Miss
6827 8802 317 109 Flora
7191 8802 128 109 B.
7375 8806 369 132 Grant,
7805 8811 231 109 who
8074 8820 477 104 deserves

5863 8929 723 104 considerable
6671 8939 335 99 credit
7101 8943 170 99 for
7342 8943 180 99 the
7616 8976 236 76 care
7942 8953 217 104 and
8254 8962 298 123 pains

5868 9057 345 109 which
6265 9066 189 109 she
6543 9071 217 113 had
6841 9071 321 113 taken
7261 9090 104 99 to
7413 9080 312 109 make
7819 9085 180 109 the
8093 9090 307 113 affair
8490 9132 66 76 a

5863 9231 463 76 success.

5995 9340 99 99 A
6170 9340 439 132 reading
6643 9378 217 66 was
6950 9350 312 118 given
7356 9354 142 128 by
7550 9354 222 99 Mrs
7838 9354 151 109 M.
8046 9359 128 104 E.
8235 9364 236 104 Lam-

5863 9463 269 132 bert,
6189 9477 449 104 assisted
6685 9477 142 132 by
6860 9477 298 109 three
7205 9487 118 104 of
7370 9487 184 104 her
7602 9496 392 128 pupils,
8050 9496 260 104 Miss
8357 9501 194 109 Ida

5863 9605 449 128 Wilson,
6369 9609 265 109 Miss
6704 9619 335 99 Edith
7106 9619 444 109 Miiuult
7616 9628 213 104 and
7928 9633 255 99 Miss
8268 9633 283 118 Dora

5858 9737 557 128 Williams,
6472 9756 113 99 at
6661 9751 364 132 Queen
7096 9761 113 99 of
7276 9756 354 113 Sheba
7701 9761 406 137 Parlor,
8154 9765 213 113 Jan
8438 9775 94 109 4.

5854 9879 557 146 Although
6463 9926 61 71 a
6576 9921 250 113 very
6860 9907 397 128 stormy
7294 9902 312 137 night
7696 9907 85 109 it
7828 9945 213 76 was
8093 9912 227 109 well
8391 9931 104 94 at-

5854 10030 430 128 tended,
6340 10030 213 104 and
6605 10068 241 99 may
6898 10039 128 104 be
7087 10044 619 104 considered
7786 10087 118 66 as
7975 10087 61 71 a
8083 10087 458 76 success.

5991 10162 454 104 Persons
6557 10172 449 132 wishing
7120 10186 113 90 to
7351 10181 548 104 subscribe
8017 10191 165 99 for
8306 10195 231 99 Thb

5854 10290 373 109 Globe
6274 10304 213 104 will
6539 10309 354 132 please
6935 10309 430 104 address
7417 10313 246 109 Wm
7715 10318 142 104 H.
7946 10318 591 142 Anderson,

5854 10431 194 109 299
6099 10436 487 109 Macourt
6680 10455 359 118 street,
7096 10446 454 113 Detroit.
7691 10455 151 104 At
7890 10455 184 109 the
8154 10493 392 76 caucus

5849 10573 123 94 of
6038 10578 614 123 republican
6728 10587 515 99 members
7337 10592 118 94 of
7521 10592 652 132 legislature,
8230 10597 250 109 Sena-

5854 10710 165 99 tor
6061 10706 335 132 Ferry
6439 10720 482 104 received
6973 10720 180 104 the
7209 10729 657 104 nomination
7899 10734 113 99 of
8074 10743 458 99 senator.

5849 10843 331 142 Many
6213 10857 520 104 members
6780 10857 482 109 however
7294 10866 345 104 would
7687 10880 189 94 not
7923 10876 364 109 attend
8334 10880 213 104 and

5849 10989 350 99 refuse
6246 10998 113 90 to
6406 11008 454 118 support
6893 10998 255 104 him.
7276 11003 165 99 On
7493 11008 180 99 the
7724 11008 250 99 16th
8013 11013 302 123 iast.,
8367 11013 180 99 the

5849 11121 609 128 legislature
6553 11131 340 104 ballot
6987 11140 175 99 for
7205 11145 477 128 senator;
7739 11140 298 104 there
8102 11145 217 104 will
8409 11178 137 71 no

5849 11254 340 109 doubt
6231 11263 132 99 be
6416 11296 61 71 a
6520 11263 605 142 dead-lock,
7181 11272 213 109 and
7431 11287 543 132 prospects
8027 11282 109 104 of
8183 11320 61 71 a
8296 11287 250 137 long

5849 11395 274 132 fight
6189 11428 184 80 are
6411 11405 557 113 excellent.
8003 11419 402 109 Waud.

6652 11740 477 80 Boston
7257 11745 482 85 Letter.

5986 11868 463 128 Boston,
6506 11877 298 94 10.—
6855 11877 151 99 At
7054 11877 175 104 the
7318 11877 449 109 election
7814 11887 113 99 of
7975 11891 411 104 officers
8428 11896 118 99 of

5849 12000 189 99 the
6132 12000 288 109 Most
6543 12005 666 137 Worshipful
7328 12014 378 104 Prince
7809 12019 255 104 Hall
8183 12024 364 109 Grand

5849 12132 406 142 Lodge,
6312 12142 184 104 the
6543 12142 562 137 following
7186 12151 411 104 officers
7644 12189 265 71 were
7994 12161 543 104 installed:

5854 12274 146 99 M.
6066 12279 161 99 W.
6317 12279 132 99 G.
6496 12279 213 128 M.,
6765 12283 288 104 Thos
7106 12283 515 137 Thomas;
7682 12288 132 104 R.
7923 12293 170 104 W.
8183 12298 132 99 D.
8414 12298 128 104 G.

5854 12406 198 128 M.,
6109 12411 340 104 Lewis
6539 12416 491 132 Hayden;
7091 12420 137 99 R.
7309 12420 175 104 W.
7583 12425 99 104 S.
7748 12425 217 128 W.,
8065 12430 283 104 Chas
8395 12435 142 99 H.

5854 12548 520 137 Overton;
6430 12553 132 104 R.
6633 12553 161 104 W.
6846 12557 109 99 J.
7011 12557 217 128 W.,
7261 12557 369 109 James
7677 12562 458 137 Carmel;
8183 12567 137 104 R.
8372 12567 170 109 W.

5858 12685 132 104 G.
6052 12685 156 128 S.,
6265 12685 279 104 Chas
6591 12685 128 104 F.
6775 12690 132 104 A.
6964 12690 501 142 Francis;
7521 12699 137 99 R.
7720 12699 170 109 W.
7937 12704 128 104 G.
8112 12737 180 71 cor
8339 12732 161 80 sec-

5854 12831 397 123 retary,
6288 12822 529 109 Emanuel
6860 12827 576 137 Yullavoo;
7493 12836 165 104 W.
7710 12836 184 128 R.,
7928 12841 302 104 Peter
8268 12841 213 104 Ran-

5863 12959 378 137 dolph;
6364 12964 194 104 Jas
6676 12969 123 99 T.
6855 12969 416 104 Jenifer
7361 12973 217 104 and
7691 12969 132 113 F.
7909 12978 109 99 J.
8102 12973 439 137 Cooper,

5858 13096 628 132 Chaplains;
6595 13101 170 104 W.
6865 13101 217 109 Bro
7162 13106 468 104 Lorenzo
7696 13110 529 132 Johnson,
8272 13115 213 109 Mar-

5854 13233 326 137 shall;
6241 13238 170 104 W.
6472 13238 104 104 S.
6643 13238 128 118 G,
6827 13243 180 132 D.,
7063 13243 222 104 Geo
7332 13243 397 142 Smith;
7791 13243 170 113 W.
8022 13252 104 104 J.
8197 13252 128 104 G.
8372 13252 175 132 D.,

5858 13375 354 104 Julius
6307 13375 633 137 Chappelle;
7044 13380 369 104 Grand
7498 13389 572 123 Stewards,
8150 13389 402 109 Walter

5863 13507 293 137 King
6208 13512 213 99 and
6454 13517 194 99 Jas
6694 13521 104 99 J.
6827 13517 539 132 Johnson;
7417 13517 99 104 S.
7573 13517 180 128 8.,
7805 13521 444 104 Chasß.
8291 13526 198 104 Dor-

5863 13677 231 99 sey;
6151 13644 113 104 S.
6321 13649 165 123 8.,
6539 13649 123 104 B.
6728 13654 123 99 F.
6917 13649 548 137 Brothers;
7521 13654 132 104 G.
7715 13654 161 109 P..
7932 13658 250 104 Wm
8230 13663 265 104 Jack-

5858 13809 236 99 son,
6151 13781 170 109 L..
6383 13786 406 137 Peyton
6841 13786 761 142 Washington;
7663 13795 165 128 0.,
7885 13795 439 109 Francis
8424 13800 118 104 P.

5863 13918 369 137 Clary;
6293 13923 350 137 Tyler,
6685 13923 487 109 Mitchell
7219 13928 369 137 Onley,
7649 13932 132 99 D.
7843 13932 132 104 D.
8036 13937 128 99 G.
8216 13937 151 104 M.
8419 13942 132 99 E.

5863 14060 189 132 D.;
6109 14060 132 104 R.
6298 14060 123 104 P.
6477 14065 567 123 Ransome,
7134 14065 109 104 S.
7304 14065 189 132 D.;
7554 14069 128 99 G.
7739 14069 198 128 M.,
7994 14074 165 99 W.
8216 14074 340 104 Smith

5863 14197 113 99 of
6047 14197 255 99 New
6354 14197 520 137 Bedford;
6931 14197 175 109 W.
7153 14202 132 99 D.
7342 14202 128 104 G.
7526 14202 198 128 M.,
7776 14206 85 99 I.
7918 14206 109 104 J.
8083 14206 477 137 Baptiste

5872 14329 685 132 Springfield,
6614 14334 326 109 Mass.

5995 14471 231 109 The
6317 14471 501 104 Waiter’s
6907 14476 359 99 Union
7351 14476 657 109 Benevolent
8079 14485 425 104 Associa-

5863 14608 231 104 tion
6142 14641 265 99 gave
6458 14608 274 104 their
6780 14608 439 104 seventh
7318 14617 846 123 entertainment,
8225 14622 335 109 coffee

5868 14754 307 123 party
6231 14750 213 104 and
6487 14750 463 104 sociable
6987 14759 109 94 at
7143 14745 326 109 Paine
7517 14750 288 128 Hall,
7852 14759 213 99 Jan
8112 14759 99 99 4.
8334 14764 227 99 The

5863 14896 435 90 concert
6331 14920 208 66 was
6576 14920 137 66 an
6765 14887 562 132 enjoyable
7365 14887 340 99 affair.
7762 14891 430 104 Several
8220 14896 113 99 of
8372 14929 189 71 our

5868 15019 449 104 musical
6364 15028 340 94 talent
6746 15024 208 99 and
7006 15019 732 109 elocutionists
7805 15028 742 137 participated.

5868 15156 170 109 Mr
6076 15156 340 109 Lewis
6487 15165 137 99 A.
6728 15156 373 109 Fisher
7195 15189 260 109 sang
7531 15165 269 128 well,
7904 15165 260 109 Miss
8249 15170 307 109 Sadie

5868 15298 472 109 Wardell
6387 15335 213 71 was
6647 15302 236 104 well
6931 15302 510 132 received,
7498 15302 180 109 the
7767 15307 293 104 child
8093 15312 468 109 violinist

5868 15472 217 76 was
6208 15444 184 104 the
6487 15454 265 118 star,
6794 15444 213 109 and
7096 15444 189 104 her
7422 15449 784 128 performancee
8296 15487 265 76 were

5872 15581 449 137 heartily
6369 15591 430 94 encord.
6945 15586 321 99 After
7313 15586 180 99 the
7573 15600 420 90 concert
8031 15591 175 99 the
8277 15591 283 132 large

5872 15751 524 104 company
6449 15728 420 123 present
6907 15723 586 128 proceeded
7535 15732 113 90 to
7687 15723 175 99 the
7942 15756 340 99 upper
8339 15728 222 104 hail

5872 15855 350 99 where
6321 15855 184 99 the
6619 15855 359 99 choice
7030 15855 397 99 edibles
7540 15855 557 109 furnished
8169 15865 137 132 by
8381 15865 184 104 the

5872 15992 458 109 efficient
6383 15997 600 104 committee
7030 16030 269 71 were
7351 15997 444 137 partook
7847 15997 146 109 of.
8083 16002 482 137 Dancing

5882 16167 213 71 was
6194 16134 515 132 indulged
6822 16139 109 94 in
7044 16134 165 104 till
7304 16143 180 90 the
7550 16139 307 99 small
7951 16139 359 128 hours,
8353 16153 213 90 and

5882 16299 515 104 everyone
6449 16271 198 104 left
6694 16271 236 99 well
6983 16266 425 137 pleased
7460 16276 255 99 with
7767 16271 184 104 the
8031 16276 373 104 efforts
8452 16276 118 104 of

5882 16408 392 104 Messrs
6331 16408 137 104 N.
6520 16408 104 104 J.
6671 16408 444 132 Burnes,
7167 16408 128 104 T.
7342 16413 132 99 E.
7512 16408 463 118 Bowser.
8031 16413 132 104 R.
8206 16417 359 128 Jones,

5882 16550 123 99 T.
6071 16550 482 118 Munroe,
6609 16554 132 94 A.
6794 16550 128 94 B.
6973 16545 359 123 Allen,
7398 16550 109 99 J.
7611 16545 350 132 Allen,
8017 16550 137 104 H.
8206 16554 359 123 Jones,

5887 16682 246 104 Wm
6184 16682 378 128 Bland,
6619 16687 132 104 A.
6813 16687 109 104 S.
6978 16682 387 128 Baker,
7417 16691 236 99 who
7772 16682 425 113 deserve
8277 16701 298 123 great

5887 16828 345 128 praise
6274 16824 165 99 for
6496 16824 279 99 their
6822 16824 586 99 successful
7460 16824 406 99 efforts.
8008 16828 175 99 Mr
8230 16824 118 104 C.
8438 16833 128 94 E.

5887 16956 369 109 Harris
6307 16956 302 109 acted
6661 16989 113 76 as
6803 16961 269 104 floor
7101 16989 506 104 manager
7630 16956 260 109 with
7937 16994 142 71 an
8126 16961 454 109 efficient

5887 17131 312 99 corps
6250 17102 113 99 of
6435 17098 265 104 aids.

5986 17235 265 99 ‘One
6302 17235 118 99 of
6468 17235 184 99 the
6723 17239 279 94 most
7082 17230 581 128 important
7757 17230 118 99 of
7965 17263 198 71 our
8254 17230 326 104 social

5891 17376 369 99 events
6307 17372 510 104 occurred
6865 17372 203 104 last
7101 17367 468 137 Monday
7611 17367 454 132 evening
8093 17376 113 99 at
8254 17367 326 109 Paine

5891 17509 557 104 Memorial
6562 17509 250 99 Hall
6902 17509 340 99 under
7356 17509 175 99 the
7625 17509 491 123 auspices
8183 17509 118 99 of
8395 17509 189 99 the

5891 17641 562 109 Fraternal
6506 17641 671 109 Association
7224 17641 109 104 of
7384 17641 208 104 this
7644 17641 255 132 city,
7975 17641 350 104 which
8419 17641 165 109 for

5906 17787 557 137 brilliancy
6515 17783 213 113 and
6770 17783 534 137 grandeur
7351 17787 189 99 has
7616 17811 317 76 never
8017 17787 265 99 been
8362 17820 170 66 sur-

5896 17929 383 128 passed
6354 17929 142 128 by
6548 17962 213 94 any
6803 17929 213 99 like
7101 17934 321 90 event
7507 17924 109 94 of
7710 17924 184 94 the
7942 17929 274 118 past.
8362 17920 222 99 The

5910 18057 524 109 beautiful
6529 18061 364 123 ladies,
7020 18052 387 109 attired
7488 18057 109 99 in
7691 18057 180 99 the
7965 18052 317 104 latest
8376 18057 213 99 and

5901 18198 666 104 fashionable
6609 18208 572 109 costumes,
7238 18189 345 109 added
7625 18198 250 94 tone
7946 18194 208 104 and
8249 18189 288 132 digni-

5906 18350 113 113 ty
6071 18354 109 85 to
6231 18340 180 99 the
6454 18340 529 99 occasion.
7129 18340 340 123 Space
7517 18331 213 99 will
7800 18340 189 90 not
8031 18335 392 128 permit
8476 18340 113 90 to

5906 18477 468 99 mention
6420 18472 184 104 the
6652 18501 321 104 many
7020 18468 425 132 elegant
7488 18468 406 99 dresses
7932 18501 326 66 worn.
8339 18468 194 99 Suf-

5896 18609 203 99 fice
6151 18619 104 90 to
6298 18643 189 94 say
6529 18609 236 99 that
6817 18605 420 118 Worth,
7342 18600 255 99 with
7687 18609 184 90 the
7965 18600 619 128 experience

5901 18746 113 94 of
6061 18742 170 99 his
6279 18775 326 99 many
6652 18770 340 104 years,
7096 18732 317 109 could
7498 18742 189 94 not
7776 18732 274 99 have
8140 18732 444 99 rivalled

5906 18879 184 99 the
6137 18874 326 104 ladies
6539 18879 104 99 in
6694 18874 184 104 the
6926 18874 506 132 make-up
7483 18874 118 99 of
7691 18869 274 104 their
8017 18874 562 99 costumes.

5906 19016 553 132 Promptly
6506 19025 113 90 at
6661 19011 241 104 9:30
6950 19039 90 71 P.
7091 19006 331 104 M.the
7493 19006 520 104 members
8060 19006 213 104 and
8320 19006 274 99 their

5896 19167 373 118 guests
6321 19153 340 128 began
6709 19157 118 94 to
6874 19143 515 109 assemble
7436 19143 213 104 and
7691 19172 260 71 were
8017 19139 326 104 taken
8395 19167 128 76 un-

5906 19290 189 109 der
6142 19290 184 99 the
6397 19290 345 99 escort
6789 19285 113 104 of
6983 19285 180 99 the
7214 19280 458 104 efficient
7720 19280 534 132 reception
8301 19309 213 71 com-

5906 19431 406 123 mittee,
6364 19427 572 128 consisiing
6983 19422 113 99 of
7143 19422 392 99 Messrs
7583 19417 128 99 L.
7757 19413 137 104 H.
7928 19408 444 132 Barnes,
8414 19413 170 104 W.

5901 19564 142 99 B.
6094 19564 246 123 Lee,
6392 19564 142 99 H.
6586 19559 118 104 S.
6780 19559 383 123 Lewis,
7209 19554 132 104 G.
7398 19554 146 99 H.
7606 19545 789 132 Worthington,
8452 19550 132 104 E.

5901 19701 132 109 E.
6090 19701 501 109 Coleman
6680 19696 217 104 and
6987 19691 175 109 W.
7261 19687 142 109 H.
7493 19687 387 109 Smith.
8022 19687 227 104 The
8339 19687 194 104 Ger-

5906 19843 354 104 mania
6307 19838 576 123 orchestra,
6935 19866 203 66 one
7181 19833 113 99 of
7332 19828 189 104 the
7569 19828 236 99 best
7852 19824 118 104 of
8050 19857 194 66 our
8334 19828 255 123 city,

5906 20013 213 66 was
6165 19975 529 99 stationed
6742 20003 142 71 on
6921 19970 180 99 the
7148 19975 298 123 stage
7493 19975 118 90 at
7654 19965 189 99 the
7885 19956 269 104 head
8249 19961 118 94 of
8409 19956 184 99 the

5906 20112 260 123 hall,
6217 20112 345 104 where
6609 20140 231 71 new
6917 20098 213 109 and
7186 20098 449 137 popular
7720 20098 208 99 airs
8017 20121 274 76 were
8386 20093 156 104 dis-

5906 20249 482 104 coursed.
6572 20244 227 109 The
6912 20244 345 128 grand
7346 20235 369 104 march
7795 20244 109 90 to
7998 20263 397 99 supper
8476 20239 118 94 at

5906 20386 302 104 10:45
6260 20414 213 71 was
6520 20386 175 99 led
6742 20386 151 94 off
6945 20386 137 123 by
7134 20376 170 99 Mr
7375 20372 406 128 George
7871 20367 402 123 White,
8353 20367 241 99 who

5906 20523 567 109 instituted
6515 20551 293 71 some
6846 20546 227 76 new
7124 20509 217 104 and
7375 20509 482 137 pleasing
7932 20509 661 99 movements

5906 20669 109 99 in
6057 20665 175 99 the
6283 20660 557 104 execution
6888 20655 118 99 of
7054 20650 184 104 the
7285 20679 321 76 same.
7753 20646 227 99 The
8074 20646 520 99 members

5906 20797 222 104 and
6165 20797 283 99 their
6487 20802 373 123 guests
6902 20783 260 104 took
7214 20787 180 99 the
7441 20778 454 132 position
7942 20773 496 132 assigned
8485 20787 109 90 to

5910 20934 288 109 them
6250 20929 109 104 in
6406 20920 780 137 Investigation
7238 20920 288 123 Hall,
7583 20915 345 104 where
7975 20910 180 109 the
8206 20943 392 104 supper

5910 21104 208 76 was
6170 21066 406 128 served,
6633 21066 213 109 and
6893 21090 217 76 was
7157 21057 340 104 called
7550 21066 104 94 to
7706 21052 302 104 order
8060 21052 142 132 by
8235 21052 302 104 Chair-

5906 21246 255 71 man
6241 21208 246 104 Wm
6576 21203 123 104 O.
6822 21198 676 123 Armstrong,
7616 21189 236 109 who
7965 21189 628 109 introduced

5906 21350 524 137 Chaplain
6477 21345 175 104 W.
6718 21340 142 104 H.
6917 21340 392 123 Smith,
7361 21335 236 99 who
7687 21326 463 109 invoked
8249 21331 350 99 divine

5906 21487 506 132 blessing.
6553 21482 364 123 Tufts,
6969 21477 180 99 the
7195 21482 435 113 caterer,
7668 21463 557 104 furnished
8254 21496 142 71 an
8424 21496 113 71 ex-

5906 21624 387 99 cellent
6387 21647 345 94 menu,
6822 21619 109 94 to
7030 21609 345 99 which
7460 21605 350 128 ample
7904 21600 383 132 justice
8381 21628 213 71 was

5906 21761 279 104 done
6227 21756 146 137 by
6406 21756 302 99 those
6751 21742 364 109 seated
7139 21737 411 109 around
7578 21742 175 104 the
7786 21737 387 104 festive
8216 21732 369 109 board.

5906 21907 317 104 After
6265 21893 605 132 discussing
6912 21883 184 113 the
7134 21879 501 113 delicious
7668 21874 416 128 viands,
8121 21874 477 113 remarks

5906 22077 269 71 were
6227 22035 307 109 made
6581 22035 137 132 by
6765 22025 406 104 several
7261 22025 113 99 of
7446 22020 184 104 the
7720 22020 406 99 officers
8211 22020 113 99 of
8419 22016 180 104 the

5906 22176 680 113 association.
6728 22167 170 104 Mr
6945 22167 638 123 Armstrong
7616 22153 633 104 introduced
8296 22153 246 104 Pres-

5910 22323 298 104 ident
6255 22309 472 113 Richard
6765 22309 142 99 N.
6964 22299 468 123 Gordon,
7483 22294 236 104 who
7772 22294 246 132 paid
8055 22323 61 76 a
8140 22290 458 132 glowing

5910 22460 406 104 tribute
6364 22460 113 94 to
6524 22450 184 104 the
6751 22441 298 104 work
7096 22431 600 137 performed
7781 22431 146 132 by
8017 22431 184 99 the
8282 22431 255 99 Asso-

5915 22597 397 104 ciation
6402 22587 118 104 in
6609 22583 302 104 1882.
7058 22573 874 132 Representative
8022 22569 354 99 Julius
8476 22564 118 99 C.

5915 22729 572 137 Chappelle
6576 22710 586 113 submitted
7205 22710 161 99 his
7413 22710 354 132 report
7838 22739 118 71 as
8031 22710 567 113 treasurer,

5915 22871 213 104 and
6175 22857 430 113 showed
6652 22857 180 104 the
6921 22852 477 104 finances
7465 22847 123 104 of
7635 22843 184 104 the
7866 22843 402 118 society
8315 22847 109 94 to
8476 22838 128 99 be

5915 23013 113 99 in
6076 23046 61 66 a
6184 23003 690 128 satisfactory
6921 22984 576 109 condition.
7649 22980 770 128 Ex-Secretary
8471 22970 123 104 B.

5910 23145 109 109 J.
6076 23145 350 118 Janey
6515 23164 274 104 gave
6836 23164 137 71 an
7044 23121 624 132 interesting
7748 23121 458 104 account
8258 23112 118 99 of
8419 23112 184 99 the

5920 23277 690 142 proceedings
6704 23268 113 104 of
6912 23268 180 99 the
7195 23263 676 99 Association
7942 23254 387 128 during
8424 23249 184 99 the

5920 23433 246 123 past
6208 23447 250 109 year
6506 23405 213 113 and
6765 23405 331 137 spoke
7139 23395 506 132 feelingly
7687 23424 142 71 on
7894 23386 180 104 the
8121 23386 321 104 death
8494 23386 113 99 of

5920 23556 279 109 their
6250 23551 411 137 worthy
6709 23546 213 104 and
6973 23532 524 113 esteemed
7578 23532 506 123 member,
8135 23518 477 113 Bernard

5920 23698 118 113 C.
6090 23698 373 109 Davis.
6619 23679 524 142 Chaplain
7176 23674 350 113 Smith
7559 23669 402 109 offered
7984 23698 383 109 prayer
8395 23660 217 113 and

8778 3123 255 104 then
9085 3128 180 104 the
9335 3165 529 109 company
9954 3151 605 128 adjourned
10654 3175 104 90 to
10852 3165 184 109 the
11131 3208 340 94 upper

8773 3260 222 99 hall
9047 3274 104 85 to
9227 3269 435 137 indulge
9751 3279 109 99 in
9940 3283 189 99 the
10219 3321 340 71 mazes
10654 3302 118 94 of
10871 3298 180 109 the
11140 3312 331 132 giddy

8778 3392 340 104 waltz.
9260 3397 227 109 The
9534 3411 335 109 music
9917 3449 217 71 was
10228 3430 387 128 superb
10715 3435 203 109 and
11027 3477 146 66 we
11272 3477 198 76 can

8773 3534 761 142 satisfactorily
9586 3562 335 90 assert
9973 3557 198 99 but
10228 3562 203 99 few
10507 3595 439 99 persons
11041 3591 430 118 present

8778 3666 208 99 lost
9038 3699 203 104 any
9293 3676 109 104 of
9454 3676 175 109 the
9676 3685 392 109 dances
10120 3723 85 52 w
10219 3694 246 104 hich
10550 3732 260 80 were
10904 3723 161 99 set
11154 3718 307 109 down

8773 3841 113 151 °u
9009 3945 24 47 i
9175 3841 118 71 or
9298 3813 217 109 der.
9614 3822 104 109 It
9765 3831 350 99 would
10162 3836 132 104 be
10342 3841 609 132 impossible
10994 3865 113 90 to
11154 3888 307 76 name

8783 3945 175 99 the
9005 3945 255 132 long
9312 3950 170 104 list
9534 3964 118 99 of
9704 3992 435 104 persons
10186 3987 463 113 present,
10701 3983 203 104 but
10965 3987 90 109 it
11102 3992 85 104 is
11230 3997 231 104 safe

8773 4087 113 99 to
8934 4115 184 104 say
9165 4087 241 109 that
9449 4096 180 109 the
9680 4096 241 113 elite
9973 4110 113 99 of
10139 4101 402 118 Boston
10583 4153 213 71 was
10838 4129 227 99 well
11117 4162 283 99 repre-

8773 4224 369 99 sented
9184 4257 137 66 on
9373 4233 180 99 the
9600 4243 524 99 occasion.
10271 4247 227 104 The
10569 4257 425 99 visitors
11036 4285 425 99 present

8773 4356 274 99 from
9099 4389 283 71 some
9430 4365 113 104 of
9591 4398 194 71 our
9831 4370 288 137 large
10209 4380 288 104 cities
10592 4413 269 80 were
10928 4389 222 109 Mrs
11244 4403 217 104 and

8773 4488 170 109 Mr
9038 4488 369 118 Potter
9496 4507 208 104 and
9794 4507 293 113 John
10181 4512 364 118 Dorris
10616 4531 118 99 of
10828 4531 586 113 Worcester

8773 4630 260 104 Mias
9080 4635 293 132 King
9420 4649 118 94 of
9586 4644 676 132 Springfield,
10318 4663 213 99 and
10583 4663 255 104 Miss
10909 4672 109 94 S.
11121 4672 331 109 Tasco

8769 4767 118 99 of
8934 4762 350 142 Lynn,
9326 4776 231 104 who
9595 4809 265 76 were
9893 4786 411 142 royally
10337 4800 694 113 entertained.
11183 4809 203 113 Dur-

8769 4909 184 132 ing
8995 4909 180 104 the
9222 4923 454 128 evening
9723 4923 170 104 Mr
9940 4928 146 104 U.
10172 4932 132 99 A.
10370 4937 383 132 Ridley
10833 4946 619 109 introduced

8769 5046 161 94 his
8981 5055 350 118 tramp
9378 5055 359 94 march
9784 5060 109 94 in
9945 5060 180 99 the
10219 5060 487 132 laneiers,
10795 5074 345 104 which
11239 5112 208 76 was

8764 5173 231 104 well
9047 5183 510 104 executed
9605 5187 142 132 by
9789 5187 307 109 those
10148 5197 458 113 familiar
10658 5206 250 104 with
10961 5216 123 104 it.
11197 5216 189 113 Car-

8764 5310 340 132 riages
9184 5348 265 71 were
9524 5324 439 104 ordered
10058 5339 113 94 at
10261 5339 61 94 2
10441 5367 109 76 a.
10649 5367 113 76 m.
10951 5348 491 142 Tuesday

8764 5452 487 132 morning
9298 5457 208 104 and
9553 5485 317 109 every
9917 5494 198 80 one
10162 5466 198 109 left
10413 5480 520 142 perfectly
10980 5490 468 113 satisfied

8764 5584 250 104 with
9066 5584 184 109 the
9298 5589 378 109 results
9728 5598 113 104 of
9921 5603 180 104 the
10186 5613 250 99 13th
10507 5622 723 137 Anniversary
11329 5641 113 94 of

8764 5721 180 99 the
8995 5721 553 113 Fraternal
9595 5735 709 109 Association.

8896 5854 156 109 On
9085 5854 690 156 Wednesday
9817 5868 250 128 last,
10120 5877 260 109 Miss
10427 5877 402 118 Fannie
10876 5891 496 142 Washing-

8759 6000 184 94 ton
8991 5995 113 94 of
9151 5995 402 109 Boston
9647 6009 246 99 died
9926 6019 279 94 after
10252 6052 61 66 a
10361 6019 515 132 lingering
10923 6028 359 104 illness
11329 6043 113 94 of

8754 6128 165 99 six
8967 6132 458 104 months.
9572 6137 534 109 Deceased
10153 6180 208 76 was
10413 6184 61 71 a
10517 6161 605 128 prominent
11183 6165 250 146 lady

8754 6265 118 109 of
8915 6269 397 137 society
9364 6279 198 104 and
9652 6317 213 71 was
9917 6293 586 104 connected
10550 6298 255 99 with
10880 6335 194 71 our
11121 6340 255 71 musi-

8754 6406 170 99 cal
9014 6411 203 99 and
9312 6411 425 132 literary
9831 6425 723 104 associations.
10743 6430 213 104 She
11065 6472 217 71 was
11376 6482 61 71 a

8754 6534 359 109 soloist
9198 6548 118 104 at
9364 6543 180 109 the
9643 6553 250 104 12th
9940 6548 425 142 Baptist
10450 6562 435 137 church,
10942 6576 213 109 and
11225 6614 213 76 was

8754 6676 222 109 also
9024 6713 194 71 one
9265 6690 118 94 of
9477 6690 175 99 the
9704 6699 534 118 quartette
10285 6699 231 99 who
10564 6737 265 94 sang
10871 6723 113 90 at
11036 6718 180 94 the
11268 6723 113 94 fu-

8750 6813 288 99 neral
9151 6822 118 94 of
9354 6822 250 99 Hon
9718 6822 279 104 Chas
10063 6827 487 113 Sumner.
10687 6836 217 109 Her
10975 6846 449 132 funeral,

8750 6945 345 109 which
9142 6959 506 104 occurred
9737 6997 142 66 on
9931 6964 463 132 Monday
10465 6973 241 128 last,
10762 6987 113 90 at
10923 6983 180 104 the
11183 6997 194 94 resi-

8745 7087 326 99 dence
9118 7091 104 94 in
9274 7091 444 104 Smith’s
9808 7096 369 128 Court,
10228 7134 213 66 was
10488 7106 402 137 largely
10932 7120 487 104 attended

8750 7219 137 132 by
8934 7219 184 104 her
9208 7224 406 109 friends
9709 7228 213 109 and
9973 7238 846 137 acquaintances.
10965 7252 231 109 Rev
11287 7257 128 118 L.

8745 7356 128 109 G.
8929 7356 444 113 Walden
9454 7375 595 104 conducted
10101 7384 175 94 the
10356 7389 661 128 ceremonies,
11074 7398 340 104 which

8740 7531 265 66 were
9094 7502 397 104 solemn
9572 7512 203 99 and
9865 7512 657 132 impressive.
10663 7517 227 104 The
10970 7540 449 94 remains

8740 7630 335 109 which
9128 7668 260 76 were
9482 7639 482 132 life-like,
10020 7682 265 71 were
10351 7658 444 104 encased
10843 7663 109 99 in
11031 7701 142 66 an
11220 7672 151 104 ele-

8731 7776 265 123 gant
9019 7781 534 99 rosewood
9581 7781 402 104 casket.
10106 7786 99 99 A
10238 7786 283 132 large
10554 7795 444 99 number
11027 7800 109 99 of
11154 7805 208 104 rela-

8731 7909 274 99 tives
9047 7909 208 104 and
9302 7909 402 109 friends
9742 7918 496 104 followed
10285 7918 288 104 them
10639 7932 109 94 to
10795 7923 619 123 Woodlawn

8731 8041 581 137 Cemetery,
9411 8050 340 104 where
9841 8055 255 132 they
10176 8088 265 76 were
10521 8065 491 109 interred.
11154 8074 255 104 Miss

8731 8178 699 137 Washington
9520 8187 350 104 leaves
9917 8197 392 99 behind
10384 8197 180 99 her
10616 8230 57 71 a
10720 8197 288 137 large
11088 8211 307 109 circle

8726 8315 113 104 of
8962 8315 491 113 relatives
9562 8329 213 104 and
9860 8329 402 104 friends
10342 8334 241 104 who
10654 8339 283 137 truly
11031 8376 373 80 mourn

8726 8452 279 99 their
9038 8457 250 94 loss.

8858 8584 222 99 The
9128 8594 307 128 party
9487 8594 633 104 announced
10167 8598 170 99 for
10370 8598 283 104 June
10706 8603 246 104 17th
10998 8608 109 99 in
11206 8641 189 76 our

8721 8717 274 104 issue
9038 8721 123 109 of
9227 8721 217 109 Dec
9524 8731 128 104 30
9728 8731 246 132 ult.,
10030 8731 387 113 should
10507 8740 269 104 have
10871 8750 246 99 read
11187 8754 208 104 Jan

8726 8858 161 104 17.
9028 8858 222 104 The
9298 8868 307 99 affair
9661 8868 203 99 will
9917 8901 317 76 occur
10280 8887 113 90 at
10441 8877 180 99 the
10668 8863 524 123 residence
11287 8896 109 99 of

8721 8991 175 104 Mr
8939 8986 113 118 C.
9109 8995 142 104 H.
9302 9000 383 132 Lewis,
9737 9005 335 109 under
10124 9009 180 109 the
10342 9019 652 123 supervision
11050 9024 113 109 of
11206 9024 118 109 Je-

8721 9165 288 76 rome
9052 9137 458 132 Jeffries,
9567 9142 392 109 Parker
9997 9146 397 137 Bailey,
10450 9156 170 99 W.
10724 9156 123 109 O.
10951 9165 444 104 Goodell

8721 9269 213 104 and
8981 9269 321 104 Louis
9350 9279 387 104 Garbe.
9813 9279 104 104 It
9964 9283 208 99 will
10219 9288 132 99 be
10398 9288 118 99 of
10583 9321 61 71 a
10691 9298 439 104 musical
11183 9302 208 104 and

8721 9397 420 137 literary
9194 9420 411 99 nature.
9694 9416 227 104 The
9954 9411 231 142 Bay
10228 9420 302 109 State
10569 9425 359 137 Lodge
10975 9435 113 99 of
11131 9430 194 113 Bos-

8721 9548 222 118 ton,
9038 9543 128 104 G.
9274 9553 137 99 U.
9515 9553 113 99 O.
9694 9557 113 99 of
9879 9553 118 104 O.
10044 9553 165 118 F.,
10266 9562 208 99 will
10550 9562 520 109 celebrate
11117 9572 269 104 their

8717 9676 246 104 26th
9043 9685 680 137 anniversary
9841 9690 142 137 by
10030 9723 61 76 a
10139 9704 458 123 concert,
10696 9732 387 109 supper
11173 9713 213 109 and

8721 9822 633 132 promenade
9444 9860 132 76 on
9680 9827 463 146 Monday
10228 9841 487 137 evening,
10767 9846 208 113 Jan
11050 9855 165 123 15,
11272 9865 113 99 at

8721 9959 317 109 Paine
9090 9964 548 113 Memorial
9685 9973 288 104 Hall.
10115 9978 605 109 Prominent
10809 9997 340 99 talent
11187 9997 194 104 has

8717 10101 255 99 been
9071 10110 435 99 secured
9548 10110 170 99 for
9794 10110 189 104 the
10049 10120 529 123 occasion,
10630 10129 581 128 consisting
11268 10134 118 99 of

8721 10233 255 99 Miss
9028 10233 302 142 Mary
9383 10238 146 109 M.
9591 10243 524 132 Battams,
10167 10257 576 132 contralto;
10805 10257 383 109 MrsG.
11254 10266 113 109 C.

8717 10365 926 146 Harris,Jsoprano;
9694 10384 260 104 Miss
9987 10384 392 109 Maude
10408 10394 959 146 Jordan,violinist;

8717 10507 260 104 Miss
9028 10507 302 137 Mary
9383 10512 123 104 F.
9567 10521 1077 142 Smith,eloutionist;
10691 10531 255 104 Miss
11050 10535 326 109 Grace

8717 10635 652 142 Burroughs,
9454 10654 288 109 child
9855 10663 350 132 artist;
10257 10663 165 104 Mr
10517 10668 123 104 L.
10762 10677 132 99 A.
10965 10668 406 142 Fisher,

8717 10781 506 175 baritone;
9283 10786 345 109 Willis
9666 10795 472 137 Miligan,
10186 10814 751 128 accompanist.
11083 10819 293 104 John

8717 10923 104 99 J.
8882 10923 378 123 Smith,
9302 10928 118 104 P.
9482 10932 137 99 N.
9661 10932 175 123 F.,
9893 10937 213 104 will
10148 10942 397 104 deliver
10630 10951 180 94 the
10894 10956 425 99 anniver-

8717 11083 236 80 sary
9014 11055 468 109 address.
9619 11065 454 132 Lodges,
10162 11074 487 104 Councils
10743 11079 213 109 and
11041 11083 283 109 Patri-

8717 11187 406 113 archies
9165 11197 274 104 from
9487 11202 180 109 the
9709 11206 425 137 leading
10195 11216 260 104 New
10498 11220 496 132 England
11083 11230 293 104 cities

8717 11329 274 104 have
9052 11334 269 104 been
9364 11343 402 104 invited
9813 11362 109 90 to
9964 11353 128 99 be
10176 11372 454 113 present,
10687 11362 213 99 and
10989 11395 387 99 appear

8717 11466 104 99 in
8872 11471 425 128 regalia.
9439 11476 227 109 The
9709 11494 600 94 committee
10361 11523 170 66 are
10578 11494 165 99 W.
10828 11499 104 99 S.
10984 11490 128 109 B.
11173 11499 137 99 Ox-

8717 11603 208 128 ley,
8976 11589 137 118 N.
9175 11608 175 128 G-,
9406 11613 586 132 chairman;
10054 11622 340 104 Lewis
10441 11622 317 132 Gaul,
10814 11627 118 104 P.
10998 11631 132 99 N.
11239 11631 128 109 F.

8717 11735 165 123 C.,
8939 11740 85 99 I.
9085 11740 331 132 Dyer;
9472 11745 146 99 M.
9680 11745 137 109 V.
9865 11750 161 128 P.,
10054 11754 293 104 John
10389 11759 142 104 H.
10587 11764 411 132 Harris;
11060 11769 123 99 P.
11235 11773 137 94 N.

8721 11868 170 118 F.,
8948 11872 217 104 Geo
9302 11877 128 104 E.
9529 11882 472 113 Hourad.
10148 11891 293 104 Price
10550 11901 118 99 of
10734 11896 387 109 tickets
11192 11901 175 123 sl.

8717 12005 534 137 Music*by
9298 12014 539 109 Dunbar’s
9879 12024 581 104 orchestra.
10597 12033 335 99 Doors
10975 12038 406 128 opened

8717 12151 118 90 at
8877 12146 99 123 7,
9071 12180 605 76 commence
9765 12165 113 94 at
9926 12156 236 109 7:30
10209 12189 99 76 p.
10370 12189 109 76 m.
10630 12165 543 132 Carriages
11220 12208 104 66 or-

8721 12274 317 156 dered
9080 12288 109 94 at
9236 12283 61 94 2
9345 12312 104 71 a.
9506 12317 109 71 m.
9690 12288 260 104 Miss
9997 12293 387 104 Cecilia
10431 12298 146 99 M.
10630 12298 746 142 Washington,

8717 12406 506 142 formerly
9265 12420 118 104 of
9454 12420 217 109 this
9704 12430 250 132 city,
10006 12430 203 104 but
10252 12463 236 71 now
10540 12468 61 66 a
10639 12439 354 104 school
11031 12444 298 104 teach-

8717 12581 113 71 er
8854 12553 109 99 in
9009 12553 449 104 Gould’s
9553 12562 364 123 Town,
9973 12567 132 104 N.
10162 12567 146 128 J.,
10365 12605 217 71 was
10668 12581 524 128 surprised
11244 12586 142 132 by

8721 12690 397 99 several
9161 12694 123 94 of
9350 12699 189 99 her
9586 12699 397 99 friends
10035 12713 109 94 at
10191 12704 184 104 the
10465 12709 529 104 residence
11041 12718 113 99 of
11202 12718 184 99 her

8721 12822 406 104 mother
9175 12836 109 94 at
9331 12831 61 99 7
9439 12827 307 113 Fruit
9789 12846 326 94 street
10153 12855 345 113 court,
10550 12879 137 71 on
10729 12846 657 142 Wednesday

8721 12964 482 132 evening,
9250 12964 217 104 Dec
9534 12973 161 99 27.
9841 12978 260 99 Miss
10195 12978 709 137 Washington
10951 12987 189 104 left
11220 12997 165 99 for

8726 13096 180 99 her
8995 13101 250 99 field
9326 13106 123 104 of
9543 13110 293 99 labor
9959 13143 128 71 on
10186 13110 567 113 December
10852 13124 165 104 28.
11159 13129 227 104 The

8721 13233 633 109 celebration
9463 13247 118 99 of
9680 13247 831 137 Emancipatron
10602 13257 246 132 day,
10998 13261 213 104 Jan
11287 13271 94 118 1,

8721 13375 340 99 under
9146 13375 184 104 the
9420 13384 477 128 auspices
10011 13389 113 99 of
10195 13389 180 104 the
10427 13394 326 104 Rob’t
10871 13394 128 104 G.
11074 13398 312 104 Shaw

8750 13507 435 104 Veteran
9260 13512 713 132 Association,
10020 13554 217 71 was
10309 13559 61 66 a
10446 13559 250 104 very
10767 13531 203 99 fine
11041 13535 340 99 affair.

8726 13639 222 104 The
8995 13644 510 104 exercises
9553 13663 109 90 at
9737 13654 184 104 the
10011 13658 208 137 Joy
10266 13668 321 99 street
10658 13663 420 104 Church
11126 13701 265 76 were

8731 13781 231 104 well
9005 13781 624 137 conducted,
9671 13795 203 99 and
9917 13828 57 71 a
10006 13795 288 137 large
10332 13800 444 109 number
10824 13809 109 99 of
10980 13819 354 118 specta-

8731 13923 217 99 tors
9005 13956 203 66 was
9260 13942 458 113 present.
9860 13932 227 104 The
10129 13937 222 128 flag
10398 13942 553 128 presented
11008 13956 99 85 to
11206 13946 184 99 the

8731 14055 520 104 Veterans
9331 14093 213 71 was
9633 14093 255 104 very
9983 14069 614 128 handsome,
10682 14079 274 99 after
11050 14079 335 99 which

8731 14187 246 132 they
9061 14197 302 104 made
9439 14235 66 66 a
9543 14211 317 90 street
9940 14206 387 128 parade
10389 14216 104 94 in
10573 14239 524 104 company
11140 14216 250 99 with

8731 14324 397 109 Robert
9231 14339 132 99 A.
9425 14329 227 109 Bell
9756 14334 260 109 Post
10134 14343 231 123 134,
10417 14343 213 109 and
10720 14348 184 104 Co.
10980 14343 170 132 L.,
11206 14353 184 99 6th

8735 14466 595 123 Regiment.

8863 14598 888 113 TheNewYear’s
9798 14622 217 99 tree
10063 14617 113 104 of
10224 14617 250 104 Zion
10507 14622 879 132 Sunday-school,

8731 14773 132 66 on
8957 14745 180 99 the
9265 14754 449 123 evening
9831 14754 113 99 of
10030 14754 213 104 Jan
10361 14764 198 123 Ist,
10691 14764 529 99 attracted
11334 14797 61 66 a

8731 14877 288 128 large
9109 14887 454 99 number
9685 14887 113 99 of
9940 14887 175 104 the
10205 14896 468 99 scholars
10800 14896 208 104 and
11121 14896 274 104 their

8731 15014 430 104 friends.
9302 15019 170 104 No
9515 15024 685 132 preliminary
10233 15033 506 104 exercises
10776 15033 250 104 took
11065 15033 326 137 place.

8731 15151 222 104 The
8995 15175 477 113 presents
9520 15194 265 71 were
9860 15194 567 80 numerous
10502 15175 213 104 and
10762 15208 255 104 very
11065 15175 265 109 hand-

8731 15321 317 99 some,
9094 15298 213 109 and
9383 15298 137 109 all
9609 15335 265 76 were
9917 15307 227 104 well
10205 15312 463 104 satisfied
10762 15312 302 109 when
11145 15317 250 137 they

8731 15435 506 132 departed
9283 15454 113 90 at
9439 15439 241 104 9:30
9732 15472 90 71 p.
9874 15477 113 71 m.
10398 15454 109 99 J.
10583 15454 128 99 D.
10767 15449 487 109 Powell.

9335 15742 926 99 Philadelphia
10337 15756 468 85 Letter.

8872 15879 860 132 Philadelphia,
9789 15888 213 109 Jan
10049 15893 345 109 B.—lt
10465 15898 85 109 is
10620 15907 586 137 gratifying
11296 15921 109 99 to

8740 16016 302 109 know
9099 16025 236 104 that
9383 16054 198 76 one
9652 16030 335 104 editor
10058 16035 85 99 is
10195 16035 312 132 being
10545 16044 359 132 kindly
10942 16054 468 99 received

8740 16157 142 128 by
8962 16157 180 99 the
9231 16162 397 123 public.
9780 16167 302 99 Your
10167 16172 482 104 editorial
10739 16191 614 123 correspond-

8745 16323 250 71 ence
9043 16290 274 109 from
9364 16290 439 137 Boston,
9860 16332 260 104 your
10172 16342 491 99 presence
10696 16323 113 99 at
10852 16318 491 142 Washing-

8745 16441 222 113 ton,
9019 16431 142 104 all
9208 16436 454 104 indicate
9709 16441 241 99 that
9992 16474 194 71 our
10233 16455 364 123 people
10635 16483 170 71 are
10843 16455 576 137 beginning

8750 16573 109 90 to
8948 16569 595 132 appreciate
9643 16573 184 99 the
9917 16606 350 99 power
10365 16583 208 104 and
10663 16587 302 104 value
11036 16597 118 99 of
11235 16597 180 104 the

8750 16701 335 104 Press.
9231 16701 194 109 We
9463 16710 269 104 have
9780 16710 109 104 in
9940 16748 189 71 our
10200 16720 217 132 city
10507 16720 180 104 the
10776 16729 340 104 oldest
11206 16739 213 99 and

8750 16871 194 71 one
8991 16843 113 99 of
9151 16843 189 99 the
9387 16852 274 94 most
9709 16852 543 132 respected
10304 16857 416 109 colored
10800 16861 619 132 journalists

8750 16980 104 99 in
8953 16980 520 128 America,
9529 16984 269 128 who,
9860 16998 109 90 to
10068 17022 175 90 my
10318 16989 652 142 knowledge,
11027 17008 90 99 is
11202 17013 170 99 sel-

8750 17117 246 94 dom
9033 17117 406 94 invited
9506 17150 123 66 or
9718 17131 657 94 entertained
10469 17131 137 128 by
10687 17164 189 71 our
10946 17140 458 104 citizens.

8754 17244 288 142 They
9094 17244 269 109 have
9411 17254 246 99 time
9709 17254 213 109 and
9987 17263 307 128 again
10342 17263 260 104 used
10691 17268 161 104 his
10942 17272 477 113 columns

8754 17386 165 104 for
8962 17386 274 104 their
9283 17424 231 66 own
9567 17391 562 128 elevation,
10162 17405 175 94 for
10365 17405 335 94 which
10739 17409 255 123 they
11041 17414 378 104 lacked

8754 17518 359 128 public
9161 17523 307 123 spirit
9510 17528 420 132 enough
9983 17537 113 94 to
10139 17551 671 113 compensate
10847 17542 250 104 him.

8891 17655 222 113 The
9165 17655 373 113 Morris
9586 17660 383 118 Brown
10020 17665 543 142 Keystone
10639 17679 477 137 Literary
11211 17707 213 94 met

8754 17802 208 99 last
9076 17802 562 132 Thursday
9723 17811 439 128 evening
10252 17820 109 94 at
10455 17820 250 99 2111
10795 17825 628 109 Sharswood

8759 17943 354 90 street.
9255 17934 222 99 The
9572 17948 255 90 next
9931 17943 454 132 meeting
10474 17953 213 99 will
10781 17957 128 99 be
10980 17962 246 104 held
11315 17967 104 99 in

8759 18066 728 109 Monumental
9562 18076 288 128 Hall,
9931 18109 369 76 corner
10384 18080 383 137 Poplar
10847 18099 203 99 and
11107 18099 250 99 Vine-

8764 18203 255 137 yard
9066 18213 406 94 streets.
9553 18213 175 99 All
9775 18246 180 71 are
9987 18213 439 109 invited.
10531 18222 373 109 Bethel
10956 18231 458 132 Church,

8764 18345 222 99 Rev
9033 18340 99 104 J.
9194 18340 104 104 S.
9350 18340 652 137 Thompson,
10058 18364 392 118 pastor,
10507 18373 109 90 at
10706 18364 302 104 10:30
11093 18402 104 71 a.
11254 18402 161 99 m.,

8764 18482 227 99 Rev
9043 18477 241 99 Wm
9321 18477 142 104 H.
9520 18482 373 104 Harris
9940 18487 524 132 preached
10507 18529 66 66 a
10620 18529 250 94 very
10942 18501 425 109 interest-

8764 18619 213 118 ing,
9009 18614 628 99 instructive
9685 18619 208 99 and
9983 18624 614 128 impressive
10644 18657 411 76 sermon
11150 18643 269 99 from

8764 18746 85 99 I.
8906 18742 411 132 Cori.,
9387 18751 359 99 23—24.
9893 18756 591 104 Afternoon
10573 18765 846 137 Sunday-school

8764 18879 534 109 convened
9350 18888 104 99 at
9510 18888 170 99 the
9775 18888 307 104 usual
10176 18893 302 104 hour.
10625 18902 562 137 Quarterly
11268 18945 104 66 re-

8764 19020 255 99 view
9071 19020 142 128 by
9255 19020 180 99 the
9482 19020 926 137 Superintendent,
10441 19035 699 132 interspersed
11169 19044 250 99 with

8764 19157 444 128 singing,
9269 19153 340 104 which
9661 19191 213 71 was
9921 19195 255 99 very
10266 19167 652 132 interesting.
11065 19176 123 104 In
11239 19186 180 99 the

8764 19290 444 132 evening
9260 19294 354 104 before
9661 19294 260 104 New
9973 19299 378 104 Year’s
10398 19309 340 99 watch
10814 19318 307 123 night
11216 19351 156 71 ser-

8764 19455 274 71 vices
9085 19427 180 104 did
9312 19441 184 90 not
9534 19460 605 76 commence
10181 19441 165 99 till
10394 19441 57 99 9
10521 19446 439 99 o’clock.
11107 19455 312 99 From

8764 19564 61 99 6
8877 19573 99 90 to
9028 19559 61 104 8
9132 19559 411 109 o’clock
9595 19597 208 71 was
9850 19602 378 99 prayer
10276 19573 208 104 and
10531 19587 340 123 praise
10961 19592 458 128 meeting

8764 19696 340 104 which
9151 19729 217 76 was
9416 19701 454 137 enjoyed
9921 19739 250 104 very
10219 19715 317 104 much
10611 19720 142 132 by
10843 19720 180 104 the
11107 19757 236 71 mem-

8769 19843 231 99 bers
9043 19838 118 94 of
9208 19838 180 104 the
9435 19843 402 99 church
9888 19847 208 99 and
10186 19847 383 104 others.
10715 19857 222 99 The
11017 19861 402 99 church

8764 19998 208 76 was
9019 19975 718 132 comfortably
9808 19975 321 104 filled.
10276 19980 387 109 Watch
10762 19994 454 132 meeting
11287 20027 132 66 on

8769 20107 250 104 New
9076 20107 369 104 Year’s
9477 20112 227 99 Eve
9751 20121 113 94 at
9912 20112 373 109 Morris
10328 20117 378 113 Brown
10739 20126 435 104 Mission
11211 20164 208 71 was

8764 20244 397 128 largely
9203 20249 827 104 attended—the
10072 20254 392 128 largest
10550 20263 104 99 in
10753 20263 180 104 the
11017 20263 406 132 history

8769 20381 113 99 of
8934 20376 170 99 the
9161 20376 468 109 Mission.
9775 20386 227 99 The
10044 20395 449 94 services
10540 20424 265 76 were
10871 20400 392 128 opened
11315 20409 104 94 at

8769 20513 61 109 8
8882 20509 402 109 o’clock
9331 20546 94 76 p.
9487 20542 109 80 M.
9657 20518 142 137 by
9841 20523 454 137 singing.
10398 20528 430 113 Madam
10928 20532 496 109 Garrison

8764 20650 472 132 presided
9283 20665 109 90 at
9439 20660 184 99 the
9671 20688 364 99 organ.
10181 20665 317 99 After
10540 20669 614 132 addressing
11244 20674 180 99 the

8764 20787 369 99 throne
9180 20787 118 99 of
9340 20820 312 99 grace
9690 20792 175 104 the
9912 20802 364 123 pastor
10318 20830 269 99 gave
10630 20835 142 71 an
10838 20811 586 128 exposition

8764 20929 113 94 of
8920 20920 302 104 Luke
9265 20957 184 71 xv.
9591 20929 406 104 Eleven
10049 20934 411 104 o’clock
10531 20939 397 137 having
11017 20943 411 104 arrived

8764 21061 180 104 the
8995 21071 359 118 pastor
9397 21066 624 104 announced
10063 21066 165 109 his
10294 21099 416 80 sermon
10795 21080 165 104 for
11008 21080 180 104 the
11258 21113 113 71 oc-

8764 21198 383 123 casion,
9246 21198 392 109 theme:
9732 21208 340 104 “The
10191 21208 392 109 Barren
10715 21213 203 137 Fig
11027 21217 392 132 Tree;”

8764 21345 265 118 text,
9076 21317 307 128 Luke
9416 21345 255 123 xiii.,
9713 21345 203 99 6-9.
9997 21345 694 109 Communion
10720 21364 255 90 next
10998 21354 430 132 Sunday

8769 21477 548 99 afternoon
9416 21487 113 90 at
9576 21482 203 99 3p.
9841 21510 113 66 m.
10091 21482 227 104 The
10408 21487 217 132 city
10715 21496 411 118 pastors
11220 21491 208 104 will

8764 21609 340 123 assist,
9194 21609 213 99 and
9520 21609 279 104 their
9865 21619 803 132 congregations
10762 21657 175 66 are
11027 21624 402 109 invited

8769 21756 109 99 to
8924 21742 241 109 lend
9213 21780 61 71 a
9321 21742 439 146 helping
9827 21751 326 113 hand.
10299 21761 151 104 At
10540 21756 543 146 Cherry-st
11154 21761 208 146 Bap-

8769 21888 184 109 tist
8995 21883 420 109 Church
9463 21888 298 109 there
9794 21926 213 76 was
10082 21931 90 90 at
10228 21902 283 128 good
10597 21907 633 104 attendance
11320 21912 118 99 at

8769 22030 180 99 the
8995 22030 487 128 morning
9524 22030 449 104 services
10054 22035 208 99 and
10342 22044 109 94 at
10498 22035 180 104 the
10724 22044 709 132 watch-night

8769 22162 383 104 service
9198 22195 142 71 an
9430 22195 501 76 immense
10006 22167 539 109 audience.
10729 22176 222 104 The
11031 22191 397 118 pastor,

8773 22304 227 104 Rev
9047 22299 123 104 T.
9231 22299 501 128 Doughty
9784 22304 383 128 Miller,
10219 22309 524 104 officiated
10791 22328 109 90 at
10932 22318 260 99 both
11225 22346 156 66 ser-

8773 22441 312 99 vices.
9227 22441 444 132 Singing
9737 22446 118 94 of
9935 22446 180 99 the
10191 22446 293 99 choir
10550 22479 213 76 was
10843 22483 66 66 a
10998 22450 435 104 marked

8773 22573 411 104 feature
9227 22578 123 99 of
9420 22578 184 99 the
9694 22578 449 132 evening
10228 22583 435 128 service,
10757 22583 402 132 though
11254 22587 184 99 the

8773 22710 496 132 masterly
9317 22739 416 71 sermon
9784 22743 132 71 on
9973 22720 71 47 “
10087 22715 321 132 Light
10460 22729 189 90 out
10691 22720 118 99 of
10857 22720 572 123 Darkness,

8773 22880 123 71 or
8939 22843 449 109 Lessons
9420 22852 283 99 from
9742 22852 175 99 the
9954 22852 340 104 Grave
10342 22852 609 137 Robbery,”
10998 22857 113 99 of
11150 22890 288 71 some

8773 22989 250 99 time
9071 23013 194 104 ago
9317 23017 213 71 was
9576 22989 326 99 heard
9950 22989 137 132 by
10129 23022 137 71 an
10309 22989 510 109 immense
10880 22989 543 109 audience.

8778 23121 335 99 There
9156 23121 90 99 is
9293 23121 222 104 still
9562 23154 57 71 a
9666 23121 454 109 demand
10209 23126 165 104 for
10465 23131 137 99 its
10691 23131 557 132 repetition
11320 23135 118 94 in

8778 23287 283 71 some
9109 23258 260 123 hall,
9402 23258 335 104 where
9784 23263 180 99 the
10011 23263 331 99 entire
10389 23263 420 104 colored
10852 23268 510 99 communi-

8783 23400 113 128 ty
8948 23424 194 71 can
9194 23395 250 104 hear
9477 23395 184 104 the
9704 23395 279 137 good
10072 23409 553 123 argument
10672 23400 109 99 in
10852 23400 430 109 defense
11329 23400 109 104 of

8783 23532 524 109 universal
9354 23532 567 109 manhood.
10068 23537 94 104 A
10191 23542 713 132 presentation
10951 23575 293 71 came
11287 23542 151 104 off

8778 23674 113 104 in
8939 23674 180 104 the
9165 23683 354 128 vestry
9572 23674 118 109 of
9732 23674 317 109 Allen
10087 23674 406 137 Chapel
10564 23712 132 71 on
10772 23679 260 109 New
11065 23679 373 109 Year’s

11641 3184 307 123 night
11995 3189 581 132 consisting
12624 3198 118 99 of
12789 3231 66 66 a
12945 3198 576 109 handsome
13616 3208 350 137 heavy
14031 3213 236 132 gold-

11641 3307 406 113 headed
12094 3321 345 137 ebony
12487 3354 288 94 cane,
12836 3331 180 104 the
13058 3340 213 123 gift
13309 3340 118 104 of
13498 3340 392 109 Messrs
13965 3350 359 109 Aaron

11641 3449 416 128 Orrick,
12113 3454 118 104 O.
12293 3454 420 132 Brown,
12761 3468 378 104 Daniel
13186 3477 109 99 S.
13342 3477 572 104 Matthews
13965 3487 208 99 and
14225 3487 90 104 I.

11631 3586 109 99 J.
11802 3586 123 104 F.
11967 3591 430 132 Handy,
12454 3605 109 94 to
12595 3600 274 109 their
12898 3619 397 123 pastor,
13328 3609 227 109 Rev
13606 3614 113 104 C.
13781 3614 128 109 T.
13946 3619 317 109 Schaf-

11636 3723 194 128 fer,
11887 3723 340 109 which
12279 3765 208 76 was
12529 3737 487 113 followed
13087 3751 146 128 by
13328 3751 180 104 the
13597 3765 723 123 presentation

11631 3865 118 94 of
11783 3898 66 66 a
11891 3869 208 99 fine
12151 3874 444 123 portrait
12638 3879 123 99 of
12846 3879 175 109 Mr
13054 3879 482 109 Schaffer
13630 3893 104 99 in
13809 3926 61 71 a
13965 3898 340 137 heavy

11636 3997 194 132 gilt
11877 4002 373 132 frame,
12298 4020 373 123 gotten
12718 4049 146 104 up
12917 4020 137 137 by
13106 4020 260 109 Miss
13413 4025 109 104 J.
13620 4030 416 109 Cornell
14107 4044 213 99 and

11631 4129 217 109 Mrs
11929 4139 128 104 L.
12161 4143 364 109 Bruce.
12728 4153 161 104 On
12987 4162 657 128 Wednesday
13715 4176 449 123 evening
14254 4209 66 71 a

11627 4266 345 137 heavy
12019 4290 321 90 water
12392 4285 449 128 pitcher,
12893 4290 359 104 waiter
13299 4294 213 104 and
13550 4299 392 128 goblet,
13998 4304 250 109 beau-

11631 4403 354 142 tifully
12038 4413 416 137 carved,
12515 4455 265 76 were
12831 4431 553 132 presented
13431 4446 109 94 to
13597 4436 180 109 the
13852 4446 463 132 pastor’s

11627 4545 279 123 wife,
11962 4550 222 104 Mrs
12241 4559 123 94 A.
12472 4564 146 94 M.
12680 4564 515 132 Schaffer,
13252 4578 354 94 whose
13687 4611 312 66 name
14079 4616 213 71 was

11627 4677 383 104 carved
12057 4715 137 71 on
12241 4687 260 109 each
12576 4696 326 128 piece.

11759 4814 227 109 The
12033 4819 331 113 ladies
12430 4838 576 104 connected
13087 4843 250 109 with
13408 4852 430 132 Wesley
13904 4857 137 99 A.
14140 4857 156 104 M.

11627 4951 123 94 E.
11839 4951 255 99 Zion
12189 4961 463 123 Church,
12709 4998 255 85 gave
13058 5008 61 66 a
13167 4984 331 118 grand
13592 4984 260 99 New
13928 4989 373 104 Year’s

11617 5088 822 104 entertainment
12529 5126 137 71 on
12761 5098 557 146 Thursday
13394 5117 444 137 evening
13932 5131 113 99 at
14117 5126 184 109 the

11608 5211 449 118 church.
12198 5225 151 104 M.
12416 5230 113 99 B.
12591 5230 378 109 Brown
13016 5277 269 94 gave
13365 5282 132 66 an
13550 5287 326 94 organ
13923 5263 312 99 volun-

11617 5357 269 128 tary,
11943 5357 496 109 followed
12487 5367 142 128 by
12676 5405 61 71 a
12784 5372 387 113 chorus
13219 5386 283 104 from
13550 5386 180 109 the
13772 5391 340 142 choir;
14173 5395 113 113 P.

11613 5485 439 146 Cooper,
12109 5494 496 118 director.

11745 5631 227 99 The
12057 5641 595 123 gentlemen
12723 5655 567 99 connected
13342 5660 255 99 with
13663 5665 180 99 the
13923 5683 373 94 cornet

11608 5759 246 104 club
11906 5802 260 90 gave
12217 5806 61 71 a
12321 5806 255 104 very
12628 5778 203 109 fine
12874 5806 350 113 oyster
13257 5820 387 109 supper
13682 5802 208 104 and
13928 5835 293 104 recep-

11617 5896 222 104 tion
11887 5910 109 94 to
12094 5910 269 99 their
12411 5915 246 128 lady
12704 5920 402 104 friends
13153 5939 113 85 at
13313 5929 274 99 their
13630 5967 387 90 rooms,
14065 5943 222 99 Nos

11613 6028 260 104 1008
11920 6038 213 104 and
12184 6043 255 99 1010
12482 6047 491 104 Rodman
13020 6066 359 109 street,
13427 6090 132 71 on
13616 6066 255 104 New
13909 6066 373 113 Year’s

11608 6165 482 142 evening.
12231 6175 222 109 The
12506 6184 335 109 tables
12883 6222 265 80 were
13195 6198 444 109 ladened
13672 6208 312 104 down
14031 6217 250 104 with

11603 6302 142 104 all
11797 6312 175 99 the
12019 6312 548 109 delicacies
12605 6331 113 90 of
12765 6326 180 104 the
12992 6359 406 90 season,
13441 6340 213 99 aud
13706 6345 170 94 the
13928 6378 345 76 rooms

11608 6463 260 80 were
11948 6444 685 146 handsomely
12680 6458 553 113 decorated
13280 6468 241 109 with
13606 6472 189 109 the
13843 6477 269 142 flags
14159 6487 123 109 of

11608 6572 142 104 all
11802 6586 458 128 nations,
12317 6591 208 104 and
12614 6595 213 104 fine
12869 6600 137 104 oil
13096 6609 576 132 paintings.
13814 6619 217 99 The
14083 6628 142 94 toi-

11598 6709 203 104 lets
11854 6718 109 94 of
12043 6718 180 99 the
12265 6723 331 104 ladies
12676 6761 265 71 were
12987 6742 420 128 superb.
13554 6742 222 104 The
13828 6756 392 104 associa-

11598 6846 222 104 tion
11920 6850 194 104 will
12213 6869 369 128 accept
12671 6865 392 109 thanks
13153 6874 170 104 for
13389 6879 860 118 considerations.

11603 6978 222 104 The
11915 6992 543 132 following
12548 7006 647 99 constituted
13290 7011 170 99 the
13531 7016 373 104 official
13975 7030 288 94 staff:

11598 7110 430 109 Charles
12118 7120 359 137 Davis,
12576 7134 576 142 president;
13271 7143 468 142 Stephen
13838 7153 378 137 Frisby

11594 7257 567 142 treasurer;
12241 7261 165 113 W.
12510 7266 402 132 Harris,
13016 7294 567 123 secretary;
13706 7290 104 99 J.
13913 7243 340 189 Riley’

11594 7398 501 99 assistant
12175 7413 567 128 secretary;
12869 7413 449 109 William
13408 7422 496 128 Howard,
13989 7465 198 76 mar-

11594 7521 279 142 shal;
11953 7531 217 104 Geo
12222 7535 137 99 H.
12425 7531 487 146 Beckett,
12964 7550 581 113 chairman.
13696 7559 222 109 The
13965 7564 217 109 Han-

11594 7663 283 104 nibal
11924 7668 246 104 held
12208 7672 137 99 its
12397 7682 463 128 meeting
12926 7687 557 132 Thursday
13531 7701 482 128 evening,
14069 7710 184 94 the

11584 7795 184 99 4th
11816 7800 293 132 inst.,
12165 7809 213 99 and
12420 7809 85 99 it
12557 7843 213 76 was
12817 7847 198 71 one
13063 7824 109 99 of
13261 7824 458 109 unusual
13767 7833 472 113 interest.

11584 7928 595 137 Important
12246 7946 359 128 points
12652 7951 109 104 in
12808 7961 624 104 connection
13483 7965 246 99 with
13786 7965 175 109 the
14008 8008 175 71 suc-

11580 8098 222 71 cess
11854 8074 118 99 of
12057 8074 430 132 literary
12539 8093 680 104 associations
13309 8131 260 66 were
13663 8102 572 118 discussed.

11575 8202 175 99 All
11797 8202 335 113 lovers
12175 8211 118 104 of
12383 8220 331 104 music
12765 8254 255 76 were
13091 8235 491 128 gratified
13630 8268 132 76 on
13805 8235 435 146 hearing

11575 8339 180 104 the
11802 8339 539 113 Hannibal
12406 8357 326 128 choir,
12784 8362 331 99 under
13162 8367 180 99 the
13431 8367 416 109 skillful
13928 8386 246 123 guid-

11575 8499 255 66 ance
11877 8480 118 94 of
12080 8485 269 94 their
12425 8485 383 123 leader,
12860 8490 548 137 Traffagar
13455 8499 468 109 Holmes.
14065 8509 170 104 Mr

11575 8598 378 137 Willie,
12005 8641 113 71 as
12213 8622 501 128 organist,
12770 8622 548 142 impresses
13408 8669 312 104 every
13809 8641 420 113 listener

11570 8740 255 104 with
11872 8745 165 99 his
12076 8754 397 99 artistic
12515 8764 761 123 performance.
13427 8778 302 99 After
13762 8778 180 104 the
13994 8820 151 66 mu-

11565 8872 255 109 sical
11906 8882 539 137 prologue,
12543 8896 175 104 the
12794 8896 378 113 debate
13238 8910 605 132 continued,
13932 8920 217 113 “Re-

11570 9014 392 137 solved,
12057 9019 241 113 that
12369 9028 175 104 the
12657 9043 392 104 mental
13124 9052 562 123 capacities
13776 9057 118 104 of
13965 9057 255 109 both

11561 9184 293 71 sexes
11901 9189 175 66 are
12165 9165 425 123 equal.”
12732 9175 553 104 Excellent
13337 9189 345 118 points
13772 9222 137 66 on
13961 9194 255 104 both

11561 9288 269 99 sides
11882 9293 113 99 of
12043 9288 180 109 the
12274 9307 477 123 question
12798 9340 265 71 were
13115 9317 567 128 produced,
13734 9326 208 104 and
13980 9331 189 104 elic-

11561 9420 213 104 ited
11820 9430 369 132 hearty
12222 9435 506 132 applause
12765 9444 283 104 from
13096 9454 175 99 the
13309 9458 534 104 audience.
13989 9463 227 109 The

11561 9562 369 104 debate
12005 9567 208 99 will
12265 9586 123 80 be
12439 9581 600 128 continued,
13106 9591 213 99 and
13365 9619 132 71 on
13554 9595 657 137 Wednesday

11561 9694 321 132 week,
11934 9694 383 113 Messrs
12369 9704 307 137 Polk,
12751 9713 378 142 Calles,
13224 9723 539 142 Tupumes
13809 9737 208 109 and
14098 9742 104 109 J.

11556 9831 123 109 L.
11773 9841 449 113 Jenkins
12317 9850 203 104 will
12595 9869 411 94 contest
13096 9865 180 109 the
13389 9874 449 132 subject.
13980 9883 227 109 The

11556 9978 227 99 Rev
11835 9978 241 109 Wm
12123 9987 477 104 Schaffer
12633 9997 208 99 will
12883 9997 392 109 deliver
13328 10044 57 66 a
13422 10011 392 104 lecture
13861 10020 345 104 before

11551 10110 180 99 the
11783 10120 619 104 association
12449 10129 104 94 in
12605 10124 576 142 February.
13328 10139 132 104 In
13535 10143 369 109 March
13951 10157 246 132 they

11551 10247 213 104 will
11806 10252 236 128 give
12090 10290 61 71 a
12194 10257 340 132 grand
12576 10276 534 128 reception
13153 10276 175 109 for
13361 10280 335 104 which
13739 10285 246 137 they
14031 10323 170 76 are

11551 10384 435 137 making
12028 10403 293 118 great
12359 10408 756 123 preparations.
13261 10413 175 99 An
13479 10422 439 128 original
13965 10427 175 104 dra-

11551 10550 203 94 ma,
11816 10531 406 94 written
12321 10531 137 132 by
12548 10535 274 104 their
12912 10545 331 123 critic,
13313 10545 104 109 J.
13507 10550 123 104 L.
13710 10554 482 137 Jenkins,

11546 10658 435 104 entitled
12076 10663 265 104 ‘The
12406 10668 439 113 Colored
12893 10677 454 109 Soldiers
13394 10691 104 104 in
13592 10696 175 99 the
13814 10696 312 109 Rebel-

11542 10795 335 123 lion,”
11953 10800 260 104 with
12307 10843 57 66 a
12411 10809 449 109 favorite
12940 10819 458 137 military
13488 10838 709 128 organization

11542 10932 109 99 in
11693 10932 170 104 the
11915 10946 274 113 cast,
12231 10942 208 99 will
12487 10946 123 99 be
12661 10951 567 123 produced.

11674 11102 477 137 Sunday,
12208 11107 213 104 Dec
12454 11112 165 132 31,
12676 11112 293 137 1882,
13025 11121 180 109 the
13252 11126 548 137 obsequies
13847 11140 118 99 of
14008 11140 189 109 Jas

11546 11235 151 109 M.
11802 11244 605 137 Randolph,
12454 11254 510 109 chorister
13006 11263 113 99 of
13195 11268 180 99 the
13427 11268 345 109 Union
13857 11277 128 99 A.
14046 11277 146 109 M.

11546 11376 128 104 E.
11735 11376 463 132 Church,
12241 11391 213 99 and
12506 11395 435 99 musical
12978 11395 449 109 director
13465 11409 118 94 of
13630 11409 175 99 the
13843 11414 354 104 school

11542 11509 255 99 took
11849 11513 326 132 place.
12321 11518 222 104 The
12586 11532 402 123 pastor,
13030 11532 231 99 Rev
13304 11537 288 99 John
13644 11542 161 99 W.
13866 11542 265 104 Beck-

11546 11650 184 118 ett,
11787 11646 524 109 delivered
12354 11688 61 66 a
12468 11688 241 104 very
12784 11665 236 128 fine,
13082 11665 227 104 able
13361 11674 208 99 and
13654 11683 487 128 appropri-

11546 11787 170 90 ate
11773 11783 524 104 discourse
12340 11820 137 66 on
12524 11792 180 104 the
12751 11797 189 99 life
12983 11802 213 99 and
13238 11806 317 104 death
13606 11811 113 99 of
13800 11811 175 104 the
14022 11816 113 104 de-

11551 11920 402 99 ceased.
12090 11920 222 104 The
12397 11929 335 128 choir,
12784 11934 180 99 the
13054 11939 387 128 Apollo
13521 11953 439 99 musical
14036 11986 104 71 as-

11546 12052 510 99 sociation
12146 12061 217 94 and
12472 12066 184 94 the
12746 12066 430 132 Sunday
13271 12076 364 99 school
13696 12085 506 104 rendered

11551 12184 454 104 suitable
12076 12194 331 99 music
12449 12194 113 104 in
12628 12198 208 99 fine
12926 12208 307 123 style.
13380 12208 222 99 The
13668 12213 307 104 floral
14027 12222 128 99 tri-

11556 12321 250 99 bute
11887 12354 265 71 were
12246 12359 250 104 very
12609 12331 208 104 fine
12912 12335 213 99 and
13181 12340 614 113 handsome.
13956 12350 250 109 Two

11556 12454 392 109 similar
11981 12458 317 137 harps
12350 12468 113 99 of
12506 12496 321 99 roses,
12860 12472 713 109 embroidered
13606 12482 109 99 in
13753 12496 444 99 wreaths

11561 12619 288 94 upon
11896 12595 345 99 which
12293 12605 236 128 tops
12619 12600 113 99 in
12780 12638 61 66 a
12888 12609 510 132 hovering
13450 12619 449 123 position
13946 12657 260 71 were

11565 12728 439 123 perched
12057 12742 203 90 two
12312 12732 312 104 white
12671 12737 359 132 doves,
13082 12751 307 123 given
13436 12751 137 132 by
13625 12751 180 104 the
13852 12756 359 109 school

11556 12865 213 99 and
11816 12865 321 104 choir.
12283 12874 383 99 Across
12713 12874 161 104 his
12921 12902 222 80 seat
13195 12888 104 99 in
13351 12883 180 104 the
13620 12893 321 128 choir,
13998 12931 213 71 was

11561 13002 406 99 thrown
12019 13035 61 71 a
12161 13006 312 104 black
12548 13011 317 99 scarf.
13016 13016 222 104 The
13285 13020 444 109 banners
13819 13030 113 99 of
14027 13030 180 104 the

11561 13134 354 104 school
11962 13172 265 71 were
12288 13143 392 132 draped
12728 13153 109 94 in
12883 13153 345 128 black,
13285 13162 213 99 and
13545 13195 113 66 as
13743 13167 184 99 the
13970 13167 184 109 fun-

11556 13276 217 99 eral
11825 13285 416 123 cortege
12293 13280 250 99 took
12591 13313 142 99 up
12784 13290 137 99 its
12959 13290 203 99 line
13209 13294 118 99 of
13375 13299 397 123 march,
13819 13304 397 132 Joseph

11537 13408 156 99 TI.
11792 13408 472 104 Gardner
12307 13417 213 99 and
12600 13417 406 104 Burton
13082 13427 132 104 R.
13276 13431 392 132 Young
13762 13469 260 71 were
14107 13441 109 99 in

11561 13540 180 104 the
11783 13545 274 123 lead,
12109 13550 260 99 each
12463 13554 430 132 bearing
12983 13559 109 99 in
13139 13559 165 104 his
13394 13597 279 71 arms
13762 13573 175 94 the
14008 13578 208 99 two

11561 13677 524 137 principal
12132 13682 302 104 floral
12487 13687 529 137 offerings.
13139 13696 732 113 Pall-bearers:
13928 13710 217 104 Sam-

11561 13819 170 99 uel
11783 13819 104 104 J.
11943 13819 132 104 Di
12085 13838 213 109 ton,
12340 13819 165 104 W.
12562 13819 118 137 J.
12746 13828 411 128 Truett,
13205 13838 170 104 W.
13431 13843 85 99 I.
13573 13843 392 104 Powell
14017 13852 203 99 and

11561 13951 529 104 Jeremiah
12184 13956 425 132 Young.
12756 13965 520 104 Members
13323 13975 118 99 of
13531 13975 175 99 the
13776 13984 392 99 associa-

11565 14093 260 123 tion,
11882 14093 402 104 officers
12373 14098 118 99 of
12581 14098 180 99 the
12855 14102 354 104 school
13304 14112 213 99 and
13592 14112 335 128 choir,
13975 14121 246 128 paid

11565 14220 274 109 their
11929 14230 208 99 last
12184 14230 392 104 tribute
12628 14235 113 99 of
12831 14254 411 113 respect
13285 14249 113 94 to
13450 14244 180 104 the
13720 14254 510 104 deceased

11565 14362 142 128 by
11750 14367 350 128 seeing
12142 14367 165 99 his
12354 14372 449 99 remains
12860 14376 482 137 properly
13394 14386 454 104 interred
13890 14391 109 99 in
14046 14391 180 99 the

11565 14499 298 104 Olive
11920 14499 581 142 Cemetery.

11698 14674 255 99 New
12038 14674 378 104 Year’s
12506 14679 203 132 day
12798 14688 397 123 proved
13280 14721 61 66 a
13413 14721 250 99 very
13753 14698 477 128 pleasant

11565 14835 198 71 one
11816 14811 161 99 for
12076 14811 298 99 those
12425 14811 231 104 who
12751 14820 510 128 received,
13313 14830 208 99 and
13616 14830 298 104 those
13998 14835 231 99 who

11565 14943 373 104 called.
12085 14943 227 109 The
12373 14981 359 104 young
12817 14957 326 109 men’s
13195 14962 321 104 social
13564 14962 241 109 club
13852 15000 265 104 gave
14169 15009 61 71 a

11561 15085 340 128 grand
11991 15090 685 132 masquerade
12761 15099 113 99 to
12945 15094 274 109 their
13304 15099 250 123 lady
13635 15109 392 104 friends
14121 15123 113 99 at

11575 15222 255 109 1705
11920 15222 274 109 Vine
12283 15241 350 118 street,
12690 15265 137 71 on
12921 15236 255 109 New
13271 15241 373 109 Year’s
13739 15250 477 137 evening.

11570 15364 335 104 There
11948 15397 255 71 were
12250 15383 425 113 present
12718 15373 217 104 Geo
12978 15378 534 128 Soloman,
13554 15383 293 104 Y’ork
13899 15387 265 132 High-

11565 15510 283 118 gate,
11906 15501 165 104 Mr
12118 15506 213 99 and
12369 15506 217 99 Mrs
12638 15506 435 132 Lipson,
13120 15510 165 104 Mr
13332 15520 198 99 rnd
13578 15520 217 99 Mrs
13843 15524 383 132 Burns,

11575 15633 165 99 Mr
11811 15643 208 94 and
12071 15638 217 99 Mrs
12354 15638 557 128 Williams,
12964 15643 170 104 Mr
13200 15652 208 99 and
13479 15652 217 99 Mrs
13767 15657 463 128 Rhodes,

11575 15765 378 109 Jennie
12043 15770 586 137 Tellgrove,
12723 15775 222 109 Mrs
13030 15784 364 128 Jones,
13469 15784 312 113 Nana
13847 15789 387 142 Smith,

11575 15907 312 109 Anna
11995 15907 609 137 Chambers,
12713 15921 359 104 James
13148 15931 591 128 Augustus,
13809 15931 430 113 Charles

11584 16049 321 118 Sales,
11962 16049 340 118 Lydia
12373 16049 420 128 Brown,
12874 16058 302 132 Mary
13252 16063 506 128 Hazzard,
13814 16068 217 99 Mrs
14107 16072 123 99 P.

11580 16181 482 104 Johnson
12132 16186 118 99 of
12335 16186 255 104 New
12676 16186 335 132 York,
13063 16195 217 104 Mrs
13356 16200 397 109 Robert
13843 16200 392 142 Moore,

11584 16318 359 104 Mollie
12057 16318 609 123 Cauldwell,
12780 16332 373 104 Jennie
13266 16337 420 132 Taylor,
13772 16342 222 99 Mrs
14107 16351 123 94 T.

11584 16450 420 128 Brown,
12057 16455 302 132 Mary
12435 16465 402 99 Jordan
12888 16469 208 99 and
13172 16502 321 104 many
13540 16474 302 104 other
13918 16474 326 113 ladies

11584 16592 208 104 and
11839 16592 633 132 gentlemen.
12619 16597 255 104 Prof
12921 16602 217 109 Geo
13191 16606 548 109 Anderson
13828 16611 170 109 led
14065 16620 184 104 the

11584 16734 340 123 grand
12009 16734 397 118 march,
12506 16743 737 123 accompanied
13323 16753 137 123 by
13550 16748 255 104 Miss
13909 16753 340 132 Lydia

11594 16866 378 99 Bacon.
12099 16866 241 104 The
12387 16866 491 113 Crescent
12921 16876 250 104 club
13219 16880 241 104 held
13540 16885 269 104 their
13852 16894 392 104 annual

11594 17008 463 123 banquet
12142 17041 137 61 on
12331 17008 255 99 New
12661 17013 378 99 Year’s
13082 17017 449 128 evening
13597 17031 109 85 at
13753 17022 180 99 the
14003 17031 198 90 resi-

11584 17135 321 99 dence
11953 17140 113 94 of
12161 17140 222 99 Mrs
12449 17140 543 104 Mortimer
13039 17178 132 66 on
13261 17145 534 113 Lombard
13871 17164 359 99 street.

11589 17268 227 109 The
11891 17272 628 109 attendance
12624 17310 208 76 was
12921 17287 326 132 large,
13342 17291 213 99 and
13620 17329 66 66 a
13772 17296 477 128 pleasant

11594 17409 246 99 time
11887 17443 208 66 was
12142 17414 482 128 enjoyed.
12770 17424 94 90 A
12931 17419 307 99 letter
13285 17424 113 94 of
13450 17438 335 118 regret
13838 17457 208 76 was
14093 17461 104 71 re-

11589 17542 364 104 ceived
11995 17542 274 104 from
12350 17551 170 99 Mr
12562 17542 458 137 Bassett,
13072 17556 104 109 in
13261 17556 354 109 whose
13663 17561 331 113 honor
14069 17565 180 113 the

11594 17683 302 104 affair
11939 17717 213 76 was
12236 17688 359 132 given,
12647 17698 397 128 stating
13115 17698 156 109 his
13342 17707 482 128 inability
13918 17717 109 94 to
14121 17717 128 99 be

11594 17835 416 113 present
12080 17854 132 66 on
12288 17835 449 90 account
12808 17835 109 94 of
12954 17830 354 104 illness
13384 17839 113 94 in
13578 17839 161 94 his
13833 17844 406 132 family.

11594 17953 576 104 Addresses
12222 17986 260 71 were
12576 17962 307 99 made
12931 17967 142 128 by
13153 17967 387 104 Messrs
13587 17967 340 137 Seely,
13975 17976 208 137 Tay-

11594 18085 189 128 lor,
11839 18090 392 99 Martin
12274 18099 213 94 and
12539 18099 378 99 others.
13058 18094 373 113 Bethel
13521 18109 420 132 literary
13989 18118 208 99 cele-

11594 18227 369 104 brated
12052 18227 180 104 the
12326 18231 803 132 Emancipation
13247 18241 770 109 Proclamation
14107 18283 137 71 on

11594 18364 487 128 Tuesday
12194 18369 482 128 evening,
12770 18373 477 128 January
13346 18378 94 99 2.
13587 18378 222 104 The
13909 18397 283 90 atten-

11594 18496 326 99 dance
11967 18529 217 71 was
12274 18501 279 128 large
12605 18501 208 99 and
12902 18501 180 104 the
13129 18510 539 132 following
13762 18548 487 99 program

11594 18657 213 76 was
11854 18633 397 99 carried
12298 18652 222 80 out:
12595 18638 425 128 singing
13068 18643 137 128 by
13261 18643 170 104 the
13483 18652 444 99 musical
13965 18685 227 71 asso-

11594 18765 425 123 ciation,
12080 18798 402 99 prayer,
12539 18765 227 109 Rev
12831 18775 104 99 J.
13011 18775 113 104 S.
13205 18775 643 142 Thompson;
13928 18789 269 99 intro-

11594 18898 444 132 ductory
12109 18907 468 99 remarks
12680 18912 137 123 by
12888 18912 184 99 the
13139 18912 572 132 president;
13814 18921 435 132 reading

11589 19035 118 99 of
11797 19035 180 99 the
12043 19035 789 132 proclamation,
12912 19039 118 104 C.
13124 19044 113 104 J.
13337 19044 369 123 Perry;
13791 19063 449 104 oration,

11589 19167 94 104 I.
11731 19167 113 99 C.
11906 19167 392 104 Wears.

11721 19304 402 104 Parties
12213 19309 458 132 desiring
12718 19309 231 104 The
13039 19313 359 99 Globe
13450 19351 198 71 can
13734 19323 359 104 sechre
14159 19332 90 99 it

11589 19441 142 123 by
11778 19441 387 128 calling
12217 19455 109 85 at
12373 19441 165 99 No
12595 19446 250 99 1134
12898 19446 529 109 Lombard
13517 19465 354 94 street.
14017 19465 227 99 The

11594 19573 279 128 Gray
11906 19573 633 109 Invincibles
12576 19611 170 71 are
12784 19597 113 90 to
12945 19587 132 99 be
13120 19597 789 123 congratulated
13961 19630 283 99 upon

11594 19715 269 99 their
11953 19715 369 99 efforts
12373 19729 109 90 to
12529 19720 331 99 retain
12912 19720 269 104 their
13271 19724 250 132 high
13597 19743 643 118 reputation.

11594 19847 402 128 George
12085 19843 454 128 Boardly
12676 19857 657 99 entertained
13417 19861 213 99 Jan
13753 19866 184 99 7th
14065 19866 184 99 the

11594 19975 737 137 Philadelphia
12373 19984 288 132 Ugly
12699 19984 307 104 Club.
13110 19989 227 104 The
13384 19989 293 109 West
13724 19998 241 104 End
14013 19998 236 109 Fife

11594 20117 208 104 and
11887 20117 335 104 Drum
12293 20150 250 104 corp
12680 20154 269 99 gave
13039 20121 269 109 their
13375 20135 387 99 second
13843 20140 397 99 annual

11594 20254 208 99 ball
11854 20263 109 90 at
12009 20254 562 132 Assembly
12614 20254 506 132 Building
13162 20287 137 71 on
13394 20263 557 137 Thursday
13994 20301 194 71 eve-

11594 20386 293 132 ning,
11920 20386 208 104 Jan
12165 20386 99 128 4,
12307 20391 335 99 which
12694 20424 213 76 was
12954 20424 66 76 a
13068 20395 472 104 brilliant
13587 20400 340 109 affair.
14017 20405 227 109 The

11589 20523 340 132 grand
12019 20523 364 109 march
12435 20561 213 71 was
12742 20532 175 99 led
12964 20532 137 132 by
13191 20532 288 104 John
13569 20542 326 123 Sisor,
13989 20546 255 99 with

11594 20660 255 94 Miss
11896 20660 383 99 Emma
12321 20660 350 118 Robb,
12723 20665 487 99 followed
13243 20669 137 128 by
13413 20674 416 99 Jerome
13918 20674 321 104 Davis

11594 20792 213 104 and
11854 20792 260 104 Miss
12156 20792 454 137 Hooper,
12652 20797 269 104 Chas
12959 20802 123 99 A.
13139 20802 548 109 Anderson
13729 20811 213 99 and
13989 20811 255 104 Miss

11594 20929 572 123 Laurence,
12227 20934 454 99 Edward
12728 20934 458 128 Spencer
13276 20939 208 104 and
13554 20943 255 104 Miss
13904 20943 331 132 Scott,

11594 21061 279 104 Chas
11948 21066 359 104 Moore
12354 21071 208 104 and
12609 21066 255 109 Miss
12917 21076 543 128 Kennard,
13517 21076 326 109 Rob’t
13890 21080 279 109 Brow-

11598 21203 265 104 nard
11948 21208 213 99 and
12255 21208 274 123 wife,
12619 21208 350 104 Oliver
13054 21213 534 104 Robinson
13682 21222 213 99 and
13984 21222 260 109 Miss

11598 21340 543 128 Seymour,
12194 21340 312 104 Dan’l
12548 21340 397 137 Dorsey
12987 21345 213 104 and
13247 21350 255 104 Miss
13578 21354 397 123 Banks,
14027 21359 217 104 Geo

11598 21477 345 94 Nixon
12043 21477 208 99 and
12307 21477 250 99 Miss
12638 21477 283 118 Rice,
13025 21477 283 104 Leon
13365 21487 321 99 Davis
13729 21491 213 94 and
13984 21491 260 99 Miss

11594 21605 510 132 Jackson,
12161 21609 458 104 William
12657 21609 458 109 Howard
13162 21619 213 99 and
13417 21619 288 137 lady,
13743 21624 208 109 and
13998 21624 250 142 fifty

11598 21746 302 109 other
11943 21751 454 137 couples.
12539 21751 227 109 The
12855 21756 406 109 officers
13304 21756 113 109 of
13465 21756 170 109 the
13682 21798 302 99 corps
14031 21803 208 71 are:

11598 21888 170 99 Ed
11858 21888 491 132 Spencer,
12397 21893 586 132 president;
13044 21893 402 104 Walter
13517 21902 387 118 James,
13961 21907 236 99 vice-

11598 22020 581 137 president;
12279 22025 109 104 J.
12496 22025 633 128 Whittaker,
13181 22039 562 123 secretary;
13852 22035 397 142 George

11608 22162 383 123 Nixon,
12043 22172 222 90 asst
12302 22172 567 123 secretary;
12926 22167 326 99 Rob’t
13332 22167 128 104 E.
13512 22167 416 132 Brown,
13984 22186 213 99 trea-

11603 22323 340 99 surer;
11995 22294 288 104 John
12331 22294 335 128 Cisco,
12718 22299 482 109 business
13271 22332 543 109 manager;
13904 22309 345 137 Harry

11598 22431 595 123 Anderson,
12288 22431 373 109 leader.
12813 22436 227 104 The
13129 22441 510 104 members
13710 22474 208 71 are:
13975 22446 274 104 Chas

11608 22564 165 104 W.
11830 22564 397 128 Moore,
12279 22564 288 104 Leon
12647 22573 359 123 Davis,
13058 22573 274 104 Chas
13427 22573 557 132 Williams,
14041 22583 142 104 Eu-

11598 22729 260 104 gene
11906 22701 359 123 Davis,
12321 22701 354 109 Oliver
12761 22706 581 128 Robinson,
13398 22710 364 104 Daniel
13852 22715 402 123 Dorsey

11603 22833 213 109 and
11858 22833 373 109 Albert
12274 22838 387 137 Roger.

11735 22970 222 109 The
12047 22975 416 104 colored
12548 22980 614 132 republican
13205 22989 345 94 voters
13597 22984 118 99 of
13772 22984 189 104 the
14003 22989 189 104 Sev-

11603 23112 250 99 enth
11906 23107 326 104 Ward
12279 23121 217 90 met
12543 23145 137 71 on
12728 23117 557 132 Thursday
13318 23121 482 123 evening,
13852 23126 213 99 Jan
14145 23126 99 118 4,

11608 23254 109 90 at
11802 23244 539 132 Magnolia
12449 23244 260 128 hall,
12784 23254 543 99 Sixteenth
13422 23254 208 99 and
13720 23254 534 113 Lombard

11608 23386 406 123 streets,
12057 23395 113 90 to
12217 23386 321 104 select
12562 23419 66 71 a
12652 23419 246 71 man
12921 23386 350 104 whose
13299 23424 307 71 name
13630 23391 250 137 they
13909 23395 350 109 would

11608 23532 420 118 present
12076 23532 109 94 to
12283 23523 175 104 the
12506 23528 288 104 ward
12841 23528 628 104 convention
13559 23528 170 113 for
13772 23565 482 80 common

11608 23655 420 109 council
12094 23660 104 104 in
12317 23655 576 142 February.
13039 23669 222 99 The
13351 23698 359 76 names
13800 23674 113 104 of
14003 23674 255 104 Levi

15094 2854 43 94 J
15208 2844 383 90 PRICE:
15638 2863 269 80 FIVE
15954 2868 298 85 CENT

15094 2934 43 94 1
15208 2943 231 80 ONE
15482 2948 458 90 DOLLAR
15983 2962 246 80 AND
16318 2972 80 76 A
16431 2972 307 85 HALF
16772 2986 71 71 A
16894 2986 354 90 YBAK

14504 3222 591 132 Cromwell,
15142 3236 194 104 Jas
15383 3241 137 104 H.
15586 3241 378 142 Teagle
16016 3255 213 109 and
16271 3260 293 109 John
16616 3265 161 113 W.
16843 3274 283 132 Page

14499 3392 269 71 were
14816 3378 557 118 presented
15454 3383 175 99 for
15718 3392 798 113 consideration.
16583 3449 24 14 -
16663 3406 227 109 The
16937 3430 260 99 vote

14499 3501 340 99 stood:
14896 3506 586 132 Cromwell,
15539 3515 170 137 25;
15770 3520 420 142 Teagle,
16243 3534 113 132 8;
16417 3534 317 142 Page,
16819 3548 99 109 8.
17065 3557 113 109 A

14494 3643 605 104 committee
15132 3680 208 76 was
15392 3657 576 132 appointed
16020 3685 104 85 to
16162 3676 246 104 wait
16436 3713 137 71 on
16611 3685 165 104 Mr
16819 3690 293 109 Crom-

14494 3775 269 128 well,
14820 3784 217 94 and
15132 3789 420 132 apprise
15600 3789 217 109 him
15869 3803 113 99 of
16072 3803 165 109 his
16328 3813 529 118 selection.
17008 3827 189 113 Mr

14509 3912 454 109 William
15019 3917 132 109 H.
15208 3921 472 113 Jackson
15732 3969 208 76 was
16011 3940 449 118 selected
16507 3987 113 76 as
16672 3964 170 104 the
16918 3997 198 80 can-

14494 4049 354 109 didate
14929 4058 170 104 for
15142 4063 364 104 school
15553 4068 487 113 director.

14627 4186 222 99 The
14896 4195 439 99 masked
15387 4200 213 99 ball
15643 4205 312 128 given
16039 4214 142 132 by
16233 4219 175 104 the
16507 4224 661 132 Wednesday

14490 4318 331 132 Night
14854 4323 383 113 School
15293 4332 387 146 Young
15732 4342 340 113 Men’s
16115 4351 383 137 Social,
16554 4375 109 99 at
16696 4365 472 128 Seventh

14485 4465 213 99 and
14750 4465 269 109 Vine
15071 4479 406 128 stree’s,
15534 4512 213 71 was
15794 4521 61 66 a
15898 4507 302 109 great
16247 4531 449 76 success.
16776 4507 128 104 In
16984 4517 184 104 the

14480 4597 288 128 early
14816 4611 241 118 part
15104 4606 113 99 of
15265 4611 180 99 the
15482 4620 439 132 evening
15969 4654 288 80 snow
16313 4635 335 132 began
16729 4644 383 132 falling

14480 4734 208 109 and
14740 4767 321 109 many
15109 4743 463 142 thought
15666 4757 175 109 the
15893 4762 307 113 affair
16243 4776 354 109 would
16654 4781 123 109 be
16819 4795 340 104 afaiD

14476 4904 222 71 ure.
14835 4876 222 104 But
15151 4890 170 94 the
15420 4904 491 94 constant
15964 4909 378 99 arrival
16441 4918 113 90 of
16635 4923 520 123 carriages

14476 5013 619 132 containing
15137 5027 369 123 guests
15548 5055 265 99 gave
15860 5031 491 113 evidence
16417 5046 113 104 of
16625 5055 524 123 promised

14471 5173 449 80 success.
15071 5154 420 137 Among
15539 5164 180 99 the
15794 5183 350 113 guests
16200 5211 260 71 were
16550 5183 260 109 Miss
16852 5192 246 109 Jose-

14471 5277 317 123 phine
14839 5287 364 128 Davis,
15260 5291 170 104 Mr
15520 5296 298 109 York
15869 5306 529 137 Hangate,
16455 5315 260 109 Miss
16762 5329 373 118 Hattie

14485 5419 47 99 V
14575 5447 255 76 ance
14872 5424 217 109 and
15132 5433 307 109 sister
15487 5438 118 104 of
15694 5438 279 142 Cape
16020 5447 288 132 May,
16370 5452 402 146 George
16843 5471 246 109 Solo-

14471 5584 279 90 man,
14787 5561 165 99 Mr
15000 5565 439 132 Lapune
15487 5580 208 99 and
15742 5584 288 128 lady,
16082 5589 359 104 James
16535 5603 595 132 Augustus,

14457 5717 184 94 jr.,
14698 5693 298 104 Isaac
15090 5702 515 109 Williams
15704 5717 208 104 and
15959 5721 283 132 lady,
16294 5731 213 104 and
16583 5773 61 71 a
16687 5750 468 109 number

14466 5835 113 90 of
14646 5835 392 99 others.
15184 5839 227 104 The
15454 5849 340 118 grand
15841 5863 354 90 march
16238 5896 208 66 was
16498 5868 165 99 led
16757 5877 142 123 by
16946 5882 194 104 the

14457 5962 340 113 grand
14844 5967 619 118 conductor,
15520 5976 402 137 George
15973 5991 539 109 Anderson
16564 6005 213 104 and
16833 6009 250 128 lady

14457 6090 496 113 followed
15005 6099 132 137 by
15175 6099 402 146 George
15624 6109 737 151 Washington,
16408 6151 217 94 asst
16672 6151 397 104 conduc-

14457 6241 170 90 tor
14669 6241 213 94 and
14934 6241 279 132 lady,
15269 6250 213 94 and
15529 6265 690 123 seventy-five
16285 6274 463 128 couples.
16894 6288 241 109 The

14452 6359 369 109 Shiloh
14868 6369 482 142 Literary
15397 6383 657 113 Association
16143 6416 326 90 meets
16521 6439 132 71 on
16724 6411 331 123 Thurs-

14452 6496 208 137 day
14707 6510 477 137 evening,
15246 6520 246 99 11th
15543 6524 246 104 inst.
15931 6529 444 137 Subject
16465 6543 170 104 for
16724 6553 350 109 discus-

14447 6666 269 66 sion:
14778 6647 454 104 “What
15279 6652 189 104 has
15515 6666 397 118 proved
15964 6666 180 104 the
16191 6685 463 118 greatest
16720 6685 402 118 benefit

14447 6784 109 90 to
14650 6784 180 94 the
14915 6784 491 109 Nation’s
15496 6803 1408 137 prosperity—Agriculture
16989 6865 128 71 or

14443 6912 600 109 Commerce
15099 6921 118 94 ?”
15331 6926 227 99 The
15586 6940 397 94 annual
16030 6940 449 104 election
16517 6954 118 94 of
16701 6964 416 104 officers

14438 7049 113 94 at
14608 7044 175 99 the
14863 7044 369 113 Shiloh
15321 7054 855 175 Sunday-school
16214 7077 458 118 resulted
16720 7087 109 109 in
16918 7096 184 109 the

14438 7176 581 142 following;
15090 7191 359 113 James
15539 7195 553 146 Pellegrin,
16167 7224 921 128 superintendent:

14438 7323 128 90 E.
14622 7323 487 123 Birchell,
15165 7346 217 85 asst
15425 7346 902 137 superintendent;
16380 7356 274 109 Chas
16706 7365 350 109 Oliver

14428 7465 567 137 secretary;
15052 7465 269 109 Alex
15416 7465 132 109 R.
15609 7474 406 137 Lively,
16072 7498 557 137 treasurer;
16720 7455 378 156 Corned

14428 7597 203 94 hus
14750 7597 586 132 Robinson,
15454 7606 553 142 librarian;
16115 7620 180 104 Sol
16408 7630 132 104 F.
16583 7635 515 132 Mitchell,

14428 7720 557 142 chorister;
15043 7734 288 99 John
15430 7743 411 132 Lively,
15898 7762 510 123 organist:
16493 7776 605 109 committee

14419 7885 66 128 ?
14461 7989 47 43 T
14494 7857 47 99 f
14513 7989 38 43 T
14617 7880 827 123 arrangements,
15548 7885 128 99 A.
15732 7885 132 104 R.
15978 7885 402 142 Lively,
16483 7899 595 113 chairman:

14424 7989 463 113 William
14976 8003 345 128 Scott,
15373 8013 109 99 S.
15586 8013 118 104 F.
15808 8022 510 132 Mitchell,
16417 8031 293 132 Mary
16800 8046 227 109 Max-

14419 8126 269 128 well,
14745 8131 392 137 Sophia
15184 8140 335 128 Cisco,
15576 8150 255 113 Miss
15917 8159 312 109 Sallie
16304 8169 255 109 Hill.
16706 8183 387 113 Officer

14409 8268 458 128 Spencer
14901 8272 439 137 Hawley
15387 8291 118 94 of
15576 8296 175 99 the
15827 8296 246 104 17th
16167 8306 340 99 Police
16602 8315 482 123 District,

14405 8400 335 99 under
14816 8409 302 99 Lieut
15208 8414 709 137 Washington
16006 8424 123 104 B.
16186 8433 477 142 Quigley,
16715 8452 85 94 is
16890 8447 184 109 the

14405 8532 387 132 largest
14887 8537 595 137 policeman
15529 8584 137 76 on
15751 8556 180 109 the
16020 8565 321 132 force,
16403 8575 128 104 he
16583 8584 364 104 stands
16994 8589 61 109 6

14400 8674 99 90 ft
14551 8674 61 109 i
14660 8674 354 109 inches
15066 8679 293 137 high,
15416 8698 208 99 and
15676 8702 387 128 weighs
16115 8707 184 99 205
16356 8721 444 118 pounds.

15723 8830 137 104 H.
15940 8835 331 109 Price
16342 8844 562 109 Williams

14627 9085 128 118 A
14849 9090 950 132 BRILLIANT
15921 9109 907 137 WEDDING.

14395 9331 1191 113 Shadd-Parke-An
15690 9364 397 90 Event
16162 9373 137 85 in
16408 9383 661 113 Washing.

15312 9496 227 80 ton
15586 9501 553 109 Society.

14891 9614 317 94 Special
15246 9614 661 113 Correspondence
15935 9643 94 90 of
16096 9643 151 80 The
16285 9647 260 85 Globe.

14518 9742 765 146 Washington,
15335 9756 208 118 Jan
15643 9770 534 118 10.—The
16219 9784 321 109 social
16592 9803 312 99 event
16951 9813 118 104 of

14376 9912 184 109 the
14603 9945 373 80 season
15024 9931 109 94 in
15227 9931 213 104 this
15487 9940 222 132 city
15756 9973 213 71 was
16016 9945 184 109 the
16285 9954 798 113 Shadd-Park®

14376 10087 520 132 wedding,
14948 10091 345 104 which
15340 10110 581 132 transpired
15997 10143 137 76 on
16214 10120 184 104 the
16441 10134 458 132 evening
16951 10134 123 109 of

14376 10252 572 113 December
15038 10266 161 128 26,
15260 10271 293 128 1882,
15609 10285 109 99 at
15770 10280 180 104 the
16006 10290 246 104 15th
16342 10294 345 109 Street
16762 10299 246 113 Pres-

14376 10422 477 132 byterian
14901 10431 458 109 Church.
15501 10446 227 99 The
15775 10446 260 137 high
16115 10469 671 137 contracting
16833 10507 194 99 par-

14372 10597 194 104 ties
14617 10630 265 71 were
14957 10602 472 113 Furman
15487 10616 109 104 J.
15666 10620 402 132 Shadd,
16129 10625 146 109 M.
16332 10630 170 137 D.,
16554 10672 66 71 a
16706 10677 369 109 young

14372 10767 213 104 and
14674 10781 586 104 successful
15307 10795 690 123 practitioner
16039 10805 113 94 of
16243 10809 217 99 this
16540 10819 255 128 city,
16852 10819 222 104 and

14372 10932 255 99 Miss
14721 10942 293 104 Alice
15104 10946 146 104 M.
15350 10951 383 128 Parke,
15798 10961 231 104 who
16124 10970 165 104 for
16365 11003 288 76 some
16753 11013 302 104 years

14372 11112 241 123 past
14707 11107 213 109 had
14962 11112 321 132 given
15359 11131 472 104 eminent
15874 11140 709 137 satisfaction,
16639 11164 109 90 to
16833 11164 194 128 pat-

14372 11310 246 66 rons
14660 11287 208 99 and
14915 11287 359 109 school
15326 11301 657 132 authorities,
16039 11339 113 71 as
16200 11310 676 113 instructress
16942 11329 132 104 in

14372 11443 180 104 the
14598 11447 553 109 Grammar
15198 11457 411 109 schools
15666 11471 113 99 of
15865 11476 184 99 the
16096 11480 250 128 city.
16493 11485 227 104 Rev
16772 11490 132 99 F.
16951 11494 113 99 J»

14372 11613 468 132 Grimke,
14896 11631 359 123 pastor
15298 11631 113 99 of
15491 11631 175 104 the
15723 11641 241 99 15th
16020 11641 340 104 Street
16413 11646 600 142 Presbyteri-

14367 11811 137 66 an
14546 11783 397 104 church
15038 11797 109 99 of
15236 11797 213 104 this
15496 11802 260 132 city,
15817 11811 364 104 united
16233 11816 175 104 the
16455 11830 387 123 parties
16932 11835 113 99 in

14372 11957 543 132 marriage,
15061 11962 184 104 the
15402 11967 274 109 altar
15798 11976 307 137 being
16261 11995 803 128 magnificently

14372 12123 468 99 adorned
14929 12132 250 99 with
15274 12165 222 66 rare
15586 12146 397 94 exotics
16054 12151 279 99 from
16427 12156 175 99 the
16696 12161 369 113 White

14372 12288 402 104 House.
14849 12293 227 104 The
15123 12298 572 137 Episcopal
15742 12340 548 99 ceremony
16332 12321 279 132 (ring
16649 12326 345 109 includ-

14372 12425 170 128 ed)
14594 12454 208 76 was
14849 12430 293 104 used.
15293 12435 222 99 The
15567 12439 529 137 following
16186 12458 586 128 gentlemen
16828 12477 165 94 act-

14381 12562 132 99 ed
14561 12591 113 71 as
14764 12562 1020 113 ushers:—William
15865 12581 123 99 E.
16072 12586 591 137 Matthews,
16715 12595 283 113 Balti-

14376 12728 321 94 more,
14787 12694 283 137 Md.;
15170 12699 392 109 Garnet
15657 12709 128 104 D.
15874 12718 600 137 Baltimore,
16531 12732 312 132 Troy,
16894 12742 137 104 N.

14386 12831 213 170 Y.;
14660 12836 468 104 Richard
15175 12841 118 99 P.
15354 12841 652 137 Henderson,
16058 12855 605 142 Cleveland,
16720 12874 321 128 Ohio;

14386 12973 208 94 and
14646 12969 364 132 Wyatt
15066 12978 439 123 Archer,
15553 12983 118 104 of
15746 12987 203 99 this
15997 12997 246 132 city.

14518 13101 151 109 To
14717 13110 180 99 the
14943 13120 317 94 sweet
15298 13120 392 99 sounds
15737 13129 118 94 of
15940 13129 789 113 Mendelsohn’s
16776 13143 208 109 wed-

14386 13243 255 128 ding
14688 13243 402 128 march,
15146 13252 529 132 promptly
15756 13266 109 94 at
15921 13266 52 94 7
16025 13266 406 104 o’clock
16483 13276 184 99 the
16757 13280 298 104 bride

14386 13375 425 104 entered
14896 13384 184 94 the
15184 13384 435 128 church,
15718 13408 746 118 accompanied
16573 13413 142 132 by
16781 13413 274 104 little

14391 13507 359 104 Hattie
14835 13507 373 128 Bruce,
15288 13521 180 99 her
15576 13531 406 128 cousin,
16091 13540 113 94 of
16313 13540 732 137 Connecticut,

14395 13644 430 137 bearing
14854 13687 66 66 a
14967 13649 572 113 handsome
15576 13663 378 104 basket
16002 13672 113 99 of
16157 13672 444 142 flowers;
16687 13682 378 109 Misses

14395 13781 387 104 Caddie
14830 13786 123 99 E.
15019 13786 331 104 Parke
15397 13800 208 99 and
15694 13800 359 109 Hattie
16157 13805 373 123 Bruce,
16620 13824 425 104 cousins

14395 13918 113 99 of
14584 13918 175 104 the
14806 13923 331 123 bride,
15184 13928 255 99 each
15491 13942 482 123 carrying
16049 13975 66 66 a
16157 13951 302 99 small
16517 13956 369 99 basket
16928 13961 113 104 of

14395 14065 170 90 tea
14608 14088 283 66 roses
14939 14060 203 99 and
15189 14065 416 132 smilax;
15685 14074 208 99 and
15945 14074 255 104 Miss
16238 14079 302 132 Mary
16587 14088 123 109 F.
16767 14088 208 109 Mor-

14395 14192 137 94 ris
14584 14192 113 99 of
14745 14192 298 123 Ohio,
15104 14202 482 132 carrying
15619 14239 57 66 a
15728 14211 373 104 basket
16129 14220 118 99 of
16299 14230 161 94 tea
16507 14258 279 71 roses
16838 14258 208 76 ana

14400 14324 406 99 smilax.
14948 14329 222 104 The
15217 14334 293 99 bride
15553 14343 397 99 carried
16025 14381 61 71 a
16139 14353 302 104 silver
16493 14362 369 104 basket
16932 14367 128 104 of

14400 14490 260 99 pure
14707 14461 317 109 white
15071 14499 279 76 roses
15397 14476 208 104 and
15652 14485 402 128 smilax,
16110 14499 109 94 at
16299 14494 184 104 the
16526 14499 274 109 altar
16871 14504 189 109 the

14409 14603 326 99 bridal
14778 14613 302 118 party
15128 14641 203 71 was
15383 14622 208 90 met
15643 14617 142 128 by
15831 14622 222 99 Rev
16110 14627 146 99 Dr
16304 14631 123 99 F.
16474 14631 94 99 J.
16620 14636 439 109 Grimke

14405 14735 203 99 and
14650 14740 180 94 the
14872 14773 364 90 groom
15279 14778 208 71 was
15534 14754 496 99 attended
16082 14759 137 132 by
16261 14764 222 104 Rev
16521 14764 326 137 Hugh
16899 14773 151 104 M.

14400 14863 416 132 Brown,
14939 14877 113 99 of
15208 14877 586 137 Monrovia,
15907 14896 406 128 Africa,
16431 14901 307 109 when
16894 14910 194 109 Mr

14405 15009 425 104 Grimke
14882 15019 591 128 performed
15520 15024 175 104 the
15784 15057 548 118 ceremony
16380 15043 104 104 in
16540 15047 156 104 his
16748 15057 312 109 usual

14409 15151 359 132 happy
14816 15156 302 132 style.
15265 15161 222 104 The
15534 15165 397 109 church
15983 15208 208 71 was
16238 15180 520 142 thronged
16805 15194 269 109 with

14405 15288 180 99 the
14631 15279 397 118 friends
15085 15298 109 99 of
15241 15302 180 99 the
15454 15307 354 132 happy
15850 15312 411 132 couple,
16304 15321 213 104 and
16564 15331 175 99 the
16781 15364 227 71 cere-

14405 15458 317 99 mony
14783 15463 217 66 was
15047 15468 61 61 a
15151 15435 340 104 model
15529 15444 118 94 of
15732 15449 487 128 elegance
16271 15458 203 99 and
16521 15463 534 109 decorum.

14405 15562 222 94 Mrs
14674 15567 335 94 Annie
15043 15562 397 104 Boston
15482 15576 477 123 presided
16006 15595 109 90 at
16153 15586 180 104 the
16380 15624 317 99 organ
16739 15600 274 99 fault-

14405 15690 354 132 lessly,
14811 15699 208 99 and
15057 15704 586 128 performed
15685 15723 657 123 appropriate
16394 15732 331 104 music
16772 15737 236 137 pian-

14409 15831 345 109 issimo
14839 15841 387 132 during
15321 15841 184 113 the
15586 15846 402 113 solemn
16058 15860 194 104 rite
16313 15869 118 99 of
16521 15879 548 132 marriage.

14409 15973 312 99 After
14750 15973 180 104 the
14962 16011 543 99 ceremony
15548 15987 175 99 the
15746 16006 312 113 party
16101 16006 208 90 and
16342 16016 364 113 guests
16753 16011 321 99 drove

14409 16110 109 90 to
14594 16106 180 99 the
14863 16110 515 109 residence
15449 16148 128 71 on
15628 16120 71 104 S
15770 16129 317 99 street
16120 16134 113 99 of
16328 16129 165 113 Mr
16569 16143 208 104 and
16852 16143 227 109 Mrs

14414 16238 61 104 B
14509 16243 265 104 rank
14839 16243 265 132 Bell,
15156 16276 420 109 parents
15652 16257 113 104 of
15860 16266 180 99 the
16124 16266 326 128 bride,
16507 16280 331 104 where
16932 16318 142 71 an

14409 16384 420 123 elegant
14877 16389 529 123 reception
15439 16422 203 71 was
15699 16398 274 99 held.
16120 16408 420 132 Among
16578 16413 170 104 the
16781 16446 283 76 more

14419 16517 586 128 prominent
15057 16531 359 123 guests
15463 16554 260 76 were
15775 16526 288 109 Hons
16115 16535 562 118 Frederick
16720 16550 293 137 Doug-

14414 16654 246 123 lass,
14712 16654 293 99 John
15057 16658 132 99 R.
15250 16658 402 128 Lynch,
15709 16668 151 99 M.
15917 16668 165 109 C..
16134 16677 208 99 and
16394 16677 458 113 Blanche
16904 16691 156 104 K.

14419 16781 378 132 Bruce,
14830 16786 260 104 Prof
15132 16791 132 99 R.
15321 16795 128 99 T.
15510 16795 477 137 Greener,
16030 16805 146 113 Dr
16224 16814 128 104 E.
16408 16819 170 104 W.
16630 16814 449 142 Blyden,

14419 16923 222 99 Mrs
14688 16923 203 104 Lee
14939 16932 118 99 of
15142 16932 609 132 Cleveland,
15808 16942 298 123 Ohio,
16162 16951 217 99 Mrs
16460 16909 624 170 Baltimore^

14419 17060 113 94 of
14603 17055 312 132 Troy,
14972 17060 146 99 Dr
15208 17065 118 99 C.
15387 17060 128 104 B.
15609 17069 411 128 Purvis,
16072 17079 104 104 J.
16285 17079 123 104 D.
16517 17083 562 146 Kennedy,

14419 17187 217 109 Mrs
14674 17187 458 113 William
15184 17187 335 113 Bruce
15567 17206 118 104 of
15770 17206 723 137 Connecticut,
16550 17225 217 104 Mrs
16809 17230 203 104 Pur-

14419 17329 208 99 nell
14674 17334 113 94 of
14872 17334 496 118 Camden,
15420 17334 137 99 N.
15614 17343 151 118 J.,
15822 17348 208 94 and
16110 17386 250 94 very
16408 17386 312 104 many
16767 17367 317 99 other

14419 17461 397 104 friends
14858 17461 213 104 and
15118 17466 487 109 relatives
15652 17476 113 109 of
15841 17476 189 109 the
16072 17485 288 104 bride
16413 17490 203 109 and
16663 17528 411 104 groom.

14419 17598 227 109 Rev
14740 17603 321 137 Hugh
15161 17608 146 104 M.
15406 17608 383 113 Brown
15831 17631 586 132 gracefully
16483 17646 600 118 performed

14419 17745 175 94 the
14641 17745 298 99 office
14981 17750 118 94 of
15142 17750 676 137 introducing
15855 17759 175 99 the
16072 17787 369 99 guests
16488 17778 109 90 to
16649 17773 170 99 Mr
16861 17778 217 104 and

14419 17868 222 104 Mrs
14698 17872 397 99 Shadd.

14551 18009 94 99 A.
14693 18009 619 132 description
15354 18019 123 99 of
15562 18019 184 99 the
15794 18033 520 99 costumes
16375 18066 288 71 worn
16710 18038 142 137 by
16904 18043 189 109 th®

14419 18142 326 104 ladies
14783 18151 113 94 of
14943 18146 175 99 the
15156 18146 331 104 bridal
15520 18165 312 118 party
15874 18189 236 99 may
16143 18175 184 90 not
16356 18198 321 99 prove
16710 18180 354 104 amiss.

14419 18274 222 104 The
14669 18279 283 99 bride
14986 18312 269 71 wore
15288 18317 66 66 a
15383 18283 288 104 dress
15704 18298 123 94 of
15860 18293 307 104 white
16195 18307 274 99 satin
16507 18312 581 132 damas£®9,

14419 18420 302 90 court
14811 18416 312 118 train,
15198 18420 515 99 brocaded
15756 18430 274 99 satin
16124 18435 241 99 robe
16441 18439 326 128 front,
16819 18444 269 104 with

14419 18543 392 99 sleeves
14920 18548 213 99 and
15184 18553 586 132 trimmings
15855 18562 118 99 of
16054 18567 387 123 crystal
16488 18572 260 128 lace,
16824 18576 274 109 tulle

14419 18680 198 99 veil
14665 18680 482 104 fastened
15194 18685 255 99 with
15515 18718 387 104 orange
15950 18694 543 137 blossoms,
16550 18709 283 132 pearl
16928 18742 118 71 or-

14419 18827 510 90 naments.
15071 18817 222 104 The
15383 18831 468 94 costume
15931 18860 213 71 was
16209 18869 66 66 a
16318 18865 420 104 present
16800 18846 283 104 from

14419 18945 180 99 the
14646 18945 387 99 bride’s
15085 18954 444 99 mother.
15676 18959 260 104 Miss
16002 18964 307 137 Mary
16361 18969 123 99 F.
16545 18973 373 104 Morris
16965 18983 123 104 of

14419 19077 595 128 Cleveland,
15109 19087 307 128 Ohio,
15468 19091 231 99 first
15794 19096 387 104 bride’s
16252 19106 321 128 maid,
16654 19143 274 71 wore
17017 19148 76 76 a

14414 19224 468 94 costume
14995 19219 123 99 of
15269 19219 468 109 Parisian
15841 19233 279 99 satin
16261 19243 213 99 and
16587 19247 496 128 brocade,

14419 19351 482 99 trimmed
14948 19351 246 99 with
15250 19356 444 104 duchess
15742 19361 217 104 lace
16006 19365 208 104 and
16309 19375 255 128 pink
16611 19375 449 137 flowers,

14419 19483 491 104 diamond
14948 19483 454 132 jewelry.
15553 19493 255 109 Miss
15860 19498 387 109 Caddie
16294 19507 128 104 E.
16474 19507 373 137 Parke,
16904 19545 123 76 su-

14414 19620 184 104 rah
14636 19620 213 109 and
14896 19630 454 99 watered
15420 19635 279 99 satin
15751 19635 477 109 trimmed
16285 19644 246 104 with
16587 19654 217 99 lace
16852 19658 217 104 and

14405 19786 354 71 cream
14877 19757 444 128 flowers,
15439 19762 501 109 diamond
16039 19791 633 94 ornaments.
16814 19786 260 104 Miss

14414 19890 359 99 Hattie
14863 19890 137 94 V.
15076 19890 373 132 Bruce,
15496 19909 369 90 cousin
15950 19904 113 99 of
16129 19909 180 99 the
16398 19913 326 132 bride,
16805 19951 279 76 wore

14414 20022 680 104 marveilleux
15137 20031 312 123 satin,
15491 20036 482 104 trimmed
16020 20041 250 104 with
16318 20046 454 132 Spanish
16809 20055 265 128 lace,

14409 20164 213 99 and
14669 20164 472 99 cardinal
15208 20164 435 128 flowers,
15694 20173 288 123 pearl
16072 20202 638 85 ornaments.
16852 20192 170 99 Lit-

14414 20296 146 99 tle
14608 20296 364 99 Hattie
15061 20291 340 109 Bruce
15449 20301 118 99 of
15643 20301 723 142 Connecticut,
16422 20320 317 104 white
16809 20324 283 109 mull

14409 20428 213 104 and
14707 20428 690 137 embroidery,
15454 20443 444 99 watered
15973 20452 279 99 sash.
16398 20452 222 109 Mrs
16710 20457 373 113 Frank

14414 20565 260 123 Bell,
14773 20565 175 109 tfae
15038 20565 383 104 bride’s
15572 20575 444 128 mother,
16115 20613 269 71 wore
16521 20598 572 99 embossed,

14414 20698 307 132 plush
14835 20698 208 99 and
15175 20707 680 104 marveilleux
15997 20721 312 123 satin,
16408 20731 288 123 point
16847 20731 246 113 lace

14419 20835 534 128 trimming
14991 20835 208 104 and
15246 20839 317 104 crush
15609 20877 312 71 roses.

14542 20972 227 94 The
14863 21000 298 99 array
15231 20976 118 99 of
15439 20995 468 118 presents
15983 21019 208 71 was
16276 21000 808 146 magnificently

14409 21104 524 137 splendid,
15038 21142 317 104 many
15515 21123 312 132 being
15940 21123 222 104 rich
16328 21132 213 104 and
16682 21142 387 132 costly.

14414 21241 439 104 Friends
14891 21246 104 99 in
15038 21246 737 137 Washington,
15817 21255 255 109 New
16110 21265 298 109 York
16431 21274 250 132 city,
16720 21274 317 113 Phila-

14409 21378 463 128 delphia,
14967 21373 430 132 Boston,
15520 21383 609 137 Baltimore,
16224 21406 113 90 in
16417 21406 298 128 Ohio,
16809 21411 283 109 Naw

14414 21510 340 123 York,
14806 21510 723 137 Connecticut,
15581 21520 869 146 Massachusetts,
16502 21534 510 151 Mississip-

14419 21647 142 128 pi,
14617 21643 600 142 Louisiana,
15274 21657 208 109 and
15529 21690 312 109 many
15893 21666 302 109 other
16238 21676 350 128 places
16635 21690 236 99 sent
16913 21690 113 104 to-

14419 21775 260 113 kens
14792 21794 118 99 of
15019 21798 591 132 friendship
15751 21808 213 99 and
16054 21817 279 123 good
16465 21822 246 99 will.
16847 21822 246 109 Th®

14414 21926 458 128 groom’s
14929 21940 411 113 present
15387 21940 113 94 to
15548 21935 180 99 the
15775 21940 288 104 bride
16148 21973 213 80 was
16408 21983 61 71 a
16550 21954 529 113 beautiful

14419 22058 246 128 gold
14754 22063 345 104 watch
15222 22068 213 99 and
15524 22072 350 128 chain,
15950 22077 416 132 elegant
16469 22087 312 109 silver
16871 22101 222 104 and

14419 22195 307 104 china
14816 22233 312 90 ware,
15203 22209 491 123 pictures,
15751 22209 364 128 books,
16191 22219 553 128 furniture,
16828 22243 265 123 etc.,

14419 22332 302 99 made
14769 22365 151 99 up
14967 22332 180 109 the
15194 22342 335 104 bridal
15576 22351 298 128 gifts.
16020 22351 161 94 On
16228 22356 567 142 Thursday
16843 22403 184 71 eve-

14424 22465 283 132 ning,
14811 22469 576 109 December
15472 22479 165 128 28,
15694 22479 146 104 Dr
15931 22479 425 113 Charles
16436 22488 137 113 B.
16663 22498 420 142 Purvis,

14414 22630 269 208 save
14773 22635 142 71 an
15005 22611 420 123 elegant
15515 22620 524 123 reception
16129 22625 113 99 to
16342 22625 151 109 Dr
16564 22639 213 104 and
16866 22644 231 104 Mrs

14504 22734 317 109 hadd.
14962 22739 302 109 Thus
15307 22743 246 109 does
15652 22753 694 132 Washington
16394 22776 402 132 society
16871 22781 227 104 lose

14424 22899 194 76 one
14665 22876 118 99 of
14863 22880 142 99 its
15047 22890 274 94 most
15411 22885 491 128 brilliant,
15954 22899 454 104 amiable
16455 22909 208 104 and
16753 22942 279 104 popu-

14419 23003 161 104 lar
14627 23008 350 104 belles.
15128 23013 213 104 But
15373 23022 180 99 the
15600 23022 520 113 universal
16167 23041 250 99 wish
16465 23046 118 99 of
16630 23046 298 109 hosts
16970 23055 128 99 of

14424 23145 397 99 friends
14872 23150 90 99 is
15009 23150 231 104 that
15283 23183 61 71 a
15387 23159 562 104 connubial
16035 23178 661 132 partnership
16748 23211 113 71 so
16909 23220 128 71 au-

14424 23277 567 142 spiciously
15076 23287 350 132 begun
15515 23320 246 109 may
15803 23301 501 109 continue
16384 23310 113 104 in
16569 23324 529 128 perennial

14428 23419 288 104 bliss.
14858 23419 170 104 Mr
15118 23419 203 109 and
15411 23419 222 113 Mrs
15723 23428 364 113 Shadd
16162 23443 269 109 have
16526 23452 406 109 located
16980 23461 123 104 in.

14428 23556 213 104 this
14688 23556 217 137 city
14953 23561 203 109 and
15203 23589 175 85 are
15425 23575 113 104 at
15586 23570 307 109 home
15964 23584 118 99 to
16129 23584 137 104 all
16332 23589 279 99 their
16654 23594 454 113 friends.

16446 23721 137 109 E.
16630 23721 109 109 J.
16791 23721 184 123 W.
