18627 25062
1455 846 2452 1030 The
4602 798 2542 1077 New
8031 869 3411 1129 York
12043 987 4101 1082 Globe

557 2112 425 170 HLISHEC[
1030 2131 104 80 IS
1181 2117 184 85 I®M’
1431 2112 28 165 |

685 2220 458 104 NUMBER.
1431 2220 28 66 »

562 2523 411 146 OKTH
1044 2471 846 161 CAROLINA
1942 2457 694 128 LETTER.

562 2830 113 43 ar
751 2797 283 76 from
1096 2740 543 104 Rale**”’
1871 2717 940 90 C.-€hristmas

562 2839 47 61 *
652 2943 33 76 ।
728 2934 236 80 HOW
1011 2906 99 80 It
1157 2901 231 76 was
1431 2854 784 118 Sr^-The
2258 2854 482 99 regisla-

553 2976 57 61 “
765 3009 756 132 -Senatorial
1564 2986 1044 99 Conteat.-ElTect
2679 3000 142 85 of

548 3137 118 161 lie
756 3194 265 94 Late
1101 3151 723 94 Elections.—
1838 3128 643 104 Literary,
2575 3142 236 99 etc.

822 3463 208 80 From
1068 3449 132 61 our
1233 3411 298 109 Special
1578 3402 624 94 Correspondent,

827 3628 28 61 {
940 3586 71 99 p
1016 3600 94 76 eC
1153 3534 836 123 30.—Christmas
2027 3529 189 104 has
2268 3562 288 71 come
2589 3534 208 104 and

543 3638 628 203 ^Contrary
1257 3699 99 90 to
1441 3680 161 99 the
1687 3666 624 132 predictions
2405 3676 118 94 of
2613 3704 184 71 our

548 3893 156 76 her
784 3831 524 137 prognostic
1313 3855 43 61 s
1375 3798 19 170 ’
1446 3817 161 94 the
1696 3803 213 109 day
1961 3798 444 104 dawned
2509 3836 279 94 upon

543 4063 24 52 ,
609 3921 241 194 the*e
898 3992 255 118 parts
1233 3954 321 132 bright
1597 3935 198 109 and
1847 3931 416 137 cheery,
2339 3945 458 128 seeming

595 4153 170 90 like
822 4167 57 66 a
921 4110 317 123 lovely
1276 4120 269 80 morn
1592 4077 109 99 of
1772 4068 283 137 early
2102 4106 364 99 spring
2542 4077 255 104 than

605 4290 43 94 f
685 4257 510 118 December
1238 4243 151 94 25.
1521 4214 321 104 While
1890 4238 359 71 scenes
2287 4214 113 99 of
2452 4214 345 104 disor-

553 4323 109 156 L
709 4413 170 94 low
926 4375 595 113 debauchery
1559 4375 383 104 appear
1984 4356 109 85 to
2140 4346 586 113 havemark-

534 4512 71 113 □
647 4531 397 113 keeping
1091 4512 104 99 of
1266 4507 156 94 the
1465 4493 189 118 day
1715 4507 109 66 in
1876 4474 387 104 almost
2320 4479 137 99 all
2556 4512 184 99 por-

534 4654 156 142 hf
732 4677 156 104 the
935 4658 435 118 country,
1441 4654 137 76 we
1654 4644 170 76 are
1880 4611 331 118 proud
2291 4644 109 76 m
2480 4611 317 146 being

562 4857 71 71 to
676 4828 222 90 note
935 4833 113 66 an
1120 4767 501 137 exception
1687 4786 104 71 in
1861 4753 180 104 the
2093 4786 236 71 case
2376 4762 123 94 of
2584 4762 213 109 Ra-

680 4946 241 99 Here
1002 4932 161 94 the
1233 4918 180 113 day
1465 4928 198 66 was
1710 4890 506 99 observed
2268 4923 288 71 more
2622 4899 118 99 be-

543 5088 189 118 nrly
803 5079 217 99 than
1101 5083 132 71 we
1285 5050 241 94 have
1611 5022 543 109 witnessed
2230 5027 170 104 for
2476 5060 321 104 many

591 5230 217 104 past.
935 5206 109 94 In
1120 5197 236 104 fact,
1413 5206 137 66 we
1620 5169 128 99 do
1795 5178 189 85 not
2065 5173 586 104 remember
2731 5211 61 66 a

676 5339 420 113 occasion
1139 5353 123 57 on
1313 5306 307 99 which
1677 5296 761 123 drunkenness,
2532 5334 198 66 row-

666 5485 165 118 and
869 5443 780 137 demoralization
1734 5461 255 71 were
2069 5428 208 104 less
2367 5443 364 128 conspi-

638 5641 203 90 than
883 5617 137 104 the
1087 5594 543 109 Christmas
1696 5575 222 132 just
1975 5584 269 123 past.
2395 5575 260 104 This
2702 5584 90 104 is

657 5773 85 99 It
775 5745 317 137 speaks
1139 5731 208 94 well
1398 5726 156 94 for
1635 5712 439 128 Raleigh
2140 5712 213 99 and
2400 5712 151 104 all
2608 5721 184 109 her

553 5920 24 94 j
586 5943 38 66 e
780 5844 175 142 We
1020 5910 43 61 e
1096 5863 392 118 irnestly
1569 5849 260 128 hope
1913 5849 236 94 that
2202 5844 208 104 this
2494 5882 222 76 mov-

572 6028 274 109 oward
888 6052 52 61 a
983 6033 241 71 more
1276 6019 345 99 proper
1672 5976 713 128 appreciation
2433 5986 123 94 of
2613 5995 175 94 the

553 6132 28 99 I
657 6194 123 71 we
855 6137 444 113 celebrate
1365 6137 99 85 at
1535 6113 567 94 Christmas
2202 6109 246 104 time
2542 6146 246 109 may

553 6326 170 94 inue
784 6288 222 109 until
1054 6298 269 99 every
1375 6250 269 123 land,
1696 6255 392 123 tongue
2140 6250 203 99 and
2424 6260 364 128 people

605 6449 208 94 have
855 6430 217 94 been
1162 6397 321 113 raised
1559 6406 109 85 to
1715 6420 52 66 a
1861 6387 619 104 reverential
2575 6397 213 104 and

553 6520 14 189 ■
595 6567 279 142 jovful
912 6562 562 99 observance
1521 6529 104 104 of
1672 6524 175 104 the
1899 6534 302 118 great
2249 6520 539 123 Christian

548 6846 227 118 lurch
841 6817 510 123 decoration
1427 6798 170 109 did
1644 6808 175 90 not
1866 6798 279 99 form
2230 6827 118 76 so
2400 6813 383 123 promi-

416 6983 104 1602 I
591 7030 47 66 a
680 7002 189 109 part
931 6973 99 94 of
1096 6992 165 71 our
1309 6950 548 99 Christinas
1932 6931 652 113 celebration
2669 6983 118 71 as

520 7129 345 109 Irevious
902 7124 298 113 years.
1318 7082 246 99 Last
1611 7106 236 94 year
1894 7072 180 94 the
2121 7077 666 109 decorations

520 7233 28 90 L
619 7243 321 142 simply
978 7214 449 151 splendid.
1611 7209 411 123 Among
2069 7233 194 76 our
2357 7219 425 99 colored

520 7323 231 175 Lhes
831 7394 137 90 the
1030 7342 775 146 Congregational
1899 7342 250 104 took
2220 7351 189 104 the
2504 7351 269 137 lead,

591 7507 189 123 ’the
813 7521 231 94 most
1068 7483 643 128 handsomely,
1767 7479 331 128 richly
2135 7483 638 104 andelabor-

520 7706 43 85 y
633 7644 345 123 dressed
1035 7639 99 104 of
1209 7658 180 104 any
1436 7611 387 109 colored
1918 7611 402 109 church
2395 7620 104 104 in
2598 7625 184 104 the

520 7729 57 165 L
690 7795 85 94 It
817 7767 449 118 attracted
1342 7753 387 137 general
1828 7753 638 104 admiration
2565 7767 213 99 and

520 7918 222 137 long
780 7956 52 61 a
874 7909 350 123 subject
1271 7904 94 90 of
1413 7885 841 132 complimentary
2306 7899 458 99 remark.

520 8069 90 99 Ie
676 8055 520 132 legislature
1233 8031 345 104 chosen
1644 8027 109 99 at
1800 8017 180 104 the
2027 8017 208 109 last
2320 8022 458 118 election

520 8192 435 113 Assemble
997 8187 90 94 in
1120 8183 180 94 this
1346 8173 189 123 city
1578 8197 132 66 on
1767 8159 666 137 Wednesday
2466 8187 298 90 next,

520 8339 194 99 oint
756 8329 99 99 of
898 8320 317 123 ability
1252 8310 71 99 it
1375 8301 180 99 will
1602 8301 430 128 beqtiite
2079 8329 132 71 an
2254 8301 458 132 improve-

520 8428 14 146 ;
600 8499 118 71 on
761 8471 118 94 its
921 8447 520 113 immediate
1517 8428 685 137 predecessor,
2291 8443 208 104 and
2556 8452 85 99 it
2683 8452 90 99 is

506 8646 38 66 8
586 8598 293 137 hoped
950 8594 203 104 that
1191 8589 66 94 it
1304 8580 175 99 will
1531 8603 293 104 prove
1909 8570 288 137 fully
2244 8584 312 123 equal
2655 8594 118 94 to

506 8778 109 71 se
685 8735 392 104 solution
1162 8721 104 99 of
1346 8721 151 94 the
1573 8712 567 128 important
2225 8721 553 123 questions

378 8839 33 142 1
501 8877 85 99 ;h
666 8868 175 104 will
893 8868 104 94 be
1049 8854 402 132 brought
1535 8844 335 99 before
1965 8844 113 99 it-
2230 8849 227 104 The
2542 8863 236 99 first

501 9043 109 66 ,er
652 9009 104 99 of
831 8991 369 137 general
1285 8986 321 132 public
1696 8986 420 99 interest
2164 8986 113 99 to
2367 9019 411 104 engage

501 9146 217 99 ition
789 9142 175 94 will
1049 9132 109 94 be
1261 9128 161 94 the
1517 9118 425 99 election
2041 9118 118 99 of
2211 9151 61 71 a
2362 9123 406 109 United

496 9312 85 71 eo
647 9274 387 104 Senator
1077 9279 90 85 to
1214 9250 387 109 succeed
1677 9250 222 99 Gen
1975 9250 156 104 M.
2187 9246 175 109 W.
2457 9260 241 104 Ran-

487 9387 14 156 ,
553 9416 203 104 who
803 9411 170 99 has
1002 9397 392 137 enjoyed
1446 9392 213 104 that
1706 9387 326 104 honor
2079 9387 170 109 for
2301 9392 175 104 the
2528 9411 246 118 past

491 9586 104 66 ve
638 9576 293 109 years.
1002 9548 383 94 Senator
1427 9534 435 99 Hansom
1909 9529 213 99 and
2154 9534 161 99 his
2367 9534 406 109 friends

482 9690 194 132 ight
751 9685 156 99 the
973 9676 217 99 field
1233 9671 397 128 entirely
1682 9666 269 99 clear
1998 9666 170 104 for
2239 9671 260 123 him,
2556 9676 217 104 and

529 9831 161 94 not
742 9822 156 99 the
940 9808 378 109 shadow
1365 9808 99 99 of
1540 9803 572 137 opposition
2211 9817 104 90 to
2367 9808 165 104 his
2613 9846 104 76 re-

529 9954 312 99 would
902 9954 444 94 manifest
1389 9945 255 94 itself
1715 9945 99 94 in
1866 9940 156 99 his
2093 9973 236 66 own
2400 9959 354 118 party,

501 10129 52 71 a
595 10091 180 109 few
822 10082 307 109 weeks
1209 10077 288 123 back,
1545 10072 227 104 Hon
1852 10068 170 113 W.
2074 10072 128 104 T.
2310 10077 454 142 Dortch,

482 10266 279 99 myne
841 10243 378 113 county,
1271 10214 572 109 announced
1928 10219 161 104 his
2169 10224 595 142 candidacy

520 10375 170 94 has
732 10370 250 94 since
1058 10361 515 128 developed
1654 10356 246 99 such
1980 10365 482 123 strength
2551 10370 213 94 and

487 10507 307 128 darity
841 10531 99 71 as
987 10507 94 90 to
1129 10498 241 99 have
1431 10488 170 109 left
1654 10488 165 104 the
1871 10507 411 113 present
2353 10498 350 109 incum-

543 10639 189 94 and
813 10635 142 94 his
1002 10630 454 99 admirers
1531 10663 231 90 very
1809 10630 307 94 much
2197 10630 567 109 disabused

477 10805 66 71 le
576 10767 548 132 impression
1157 10767 213 94 that
1413 10762 109 99 he
1559 10767 76 90 is
1668 10776 99 80 to
1795 10762 260 99 have
2093 10795 61 66 a
2187 10767 213 99 soft
2443 10767 250 104 walk-

487 10899 19 132 .
633 10904 364 104 Dortch
1087 10909 76 99 is
1238 10942 52 66 a
1380 10932 227 99 very
1696 10899 222 104 able
2013 10932 283 99 man,
2386 10918 373 99 stands

369 11046 250 907 (in
661 11055 279 113 party
987 11041 279 99 favor
1309 11041 189 94 and
1545 11017 151 118 ins
1743 11041 383 99 friends
2173 11074 180 66 are
2419 11046 279 99 work-

472 11178 142 104 for
661 11178 194 99 him
902 11173 189 104 like
1167 11173 420 104 beavers.
1729 11173 94 99 It
1876 11173 80 104 is
2046 11173 283 132 quite
2376 11211 317 104 appar-

510 11320 463 118 however,
1068 11315 208 104 that
1361 11315 439 104 Ransom
1880 11315 180 104 has
2150 11310 180 113 the
2419 11320 340 109 inside

472 11485 38 66 r
557 11457 189 94 and
780 11457 76 90 if
898 11452 165 94 the
1096 11461 378 90 contest
1512 11452 85 94 is
1639 11457 104 90 to
1781 11457 534 99 terminate
2353 11457 104 99 in
2509 11490 189 71 cau-

496 11584 184 104 will
732 11584 109 99 be
879 11584 444 99 returned
1394 11598 104 90 to
1540 11584 165 99 the
1748 11594 340 94 senate
2140 11589 161 99 for
2381 11594 321 104 anoth-

482 11754 137 66 rm
671 11726 104 94 of
841 11745 146 76 six
1030 11750 307 104 years.

335 12033 52 71 e
458 12009 165 99 set
676 12000 600 132 politicians
1356 12019 113 90 to
1521 12014 553 132 thinking.
2220 12019 439 137 Indeed,
2750 12038 90 104 if

335 12146 28 90 t
411 12137 279 99 class
742 12142 113 94 of
907 12170 194 66 our
1148 12175 491 71 common
1687 12151 572 137 humanity
2310 12194 534 94 possesses

416 12269 510 137 thinking
1006 12307 402 104 powers
1483 12279 581 132 whatever,
2150 12293 85 104 it
2287 12302 345 104 would
2712 12307 132 104 be

340 12416 217 123 sing
628 12420 430 123 strange
1153 12449 269 71 were
1502 12430 80 94 it
1658 12430 595 123 otherwise,
2310 12444 208 99 and
2613 12444 231 128 just

345 12576 66 90 i,
468 12553 85 90 it
591 12548 387 94 should
1054 12553 123 94 be
1228 12557 591 109 remarked,
1880 12562 241 99 that
2173 12567 180 99 the
2424 12586 406 90 verdict

373 12685 123 99 he
543 12680 373 137 people
969 12713 113 76 as
1134 12694 562 128 expressed
1753 12728 132 71 on
1937 12694 189 113 the
2173 12699 194 109 7th
2419 12709 113 104 of
2622 12709 146 109 No-

335 12822 227 99 kber
633 12822 246 123 last,
935 12855 217 76 was
1200 12841 189 90 not
1469 12831 213 104 and
1753 12841 392 104 should
2197 12855 184 90 not
2466 12850 132 104 be
2683 12888 161 66 re-

340 12954 189 109 Ued
600 12987 118 71 as
770 12997 61 57 a
879 12987 317 99 party
1238 12969 482 128 triumph
1767 12978 109 90 of
1951 12978 170 94 the
2173 12978 661 142 democracy,

354 13120 279 113 jivery
685 13101 317 99 much
1087 13096 335 109 doubt
1465 13106 90 99 if
1602 13106 180 104 the
1824 13143 392 76 masses
2268 13120 118 99 of
2433 13120 180 109 the
2683 13124 104 104 in-

335 13238 9 151 i
364 13252 246 113 gent
657 13238 496 128 patriotic
1209 13243 373 132 people
1611 13247 113 99 of
1809 13257 208 94 this
2065 13271 454 118 country
2594 13290 184 76 con-

335 13370 312 137 opiate
699 13370 250 104 with
1016 13408 288 71 more
1356 13384 307 104 favor
1743 13417 279 99 now,
2079 13389 265 109 than
2424 13398 359 109 hereto-

335 13531 71 109 >,
463 13512 180 99 the
694 13517 661 137 ascendency
1408 13521 118 104 of
1573 13521 236 109 that
1861 13540 312 123 party
2220 13540 109 99 to
2367 13540 184 104 the
2594 13573 184 71 con-

335 13654 180 146 ।of
586 13649 184 99 the
822 13654 392 99 nation.
1356 13658 231 104 The
1654 13668 293 99 voice
1998 13672 113 94 of
2202 13677 189 99 the
2466 13682 378 128 people

335 13786 331 104 heard
718 13791 203 104 last
997 13791 165 104 No
1422 13800 213 132 ber,
1687 13833 222 76 was
1951 13805 241 109 that
2239 13814 113 104 of
2433 13852 66 71 a
2542 13843 302 109 great

335 13909 260 156 |ular
643 13932 477 123 uprising
1162 13975 109 61 .u
1351 13942 331 99 which
1772 13965 307 109 party
2121 13956 302 118 lines,
2532 13980 312 113 party

335 14074 175 90 lies
600 14065 213 99 and
912 14065 265 99 disti.
1346 14074 265 123 ions,
1706 14107 269 71 were
2031 14083 189 104 but
2315 14088 274 104 little
2683 14126 151 71 re-

288 14197 288 137 fled.
718 14197 104 104 It
907 14235 213 71 was
1181 14197 61 137 '.
1299 14239 47 71 a
1417 14216 288 99 voice
1753 14211 113 104 of
1961 14249 61 66 a
2121 14220 222 104 free
2395 14225 213 109 and
2707 14268 132 66 an

288 14315 576 175 Impendent
931 14343 378 128 people
1356 14353 718 128 emphasizing
2145 14367 274 99 their
2490 14367 293 128 disap-

364 14476 156 104 val
567 14480 113 99 of
737 14476 170 104 the
964 14513 307 90 many
1323 14504 425 118 corrupt
1795 14523 236 71 men
2088 14499 213 104 and
2348 14504 491 109 methods

350 14613 161 99 tch
591 14617 269 99 have
907 14622 491 99 obtained
1479 14631 411 94 control
1937 14636 104 99 in
2098 14631 184 109 the
2367 14646 477 109 councils

321 14750 203 99 'the
576 14769 302 113 party
921 14754 104 94 in
1110 14787 383 94 power.

359 14882 151 109 'he
572 14882 312 109 River
978 14891 208 104 and
1261 14891 420 113 Harbor
1767 14896 326 137 Steal,
2178 14910 194 104 the
2466 14920 378 132 unjust

331 15085 38 38 *
444 15033 652 99 unchristian
1176 15043 685 128 proscription
1913 15047 118 99 of
2107 15047 189 104 the
2343 15057 491 118 Chinese.

302 15194 38 66 3
411 15165 643 128 disgraceful
1101 15184 364 85 extent
1512 15161 109 113 so
1710 15180 350 104 which
2112 15189 472 132 political
2679 15231 109 71 as-

269 15312 449 90 ssments
817 15302 293 118 have,
1134 15307 265 104 been
1450 15312 435 132 carried,
1942 15321 449 109 bossism
2443 15335 213 104 and
2702 15335 142 109 its

274 15444 430 104 tendant
798 15444 685 132 degradation
1531 15458 109 99 of
1710 15463 180 99 the
1942 15463 241 104 civil
2235 15477 406 104 service
2721 15482 123 104 of

217 15581 128 99 he
387 15600 477 113 country,
954 15586 142 94 all
1143 15591 298 99 these
1493 15624 260 66 were
1805 15614 369 109 potent
2244 15609 411 104 factors
2731 15624 109 94 in

231 15713 501 132 reducing
784 15723 180 99 the
1011 15723 411 132 mighty
1455 15723 269 109 tidal
1776 15765 288 71 wave
2107 15737 345 109 which
2504 15765 340 123 swept

265 15888 85 71 tr
392 15850 472 137 political
893 15860 269 104 deck
1209 15869 113 94 of
1398 15893 109 71 so
1559 15898 317 94 many
1923 15874 123 104 of
2093 15879 184 99 the
2320 15883 180 104 eld
2570 15921 269 80 crew

265 16025 123 71 ao
444 15992 265 109 have
756 16002 260 99 been
1068 16011 510 128 manning
1649 16011 180 99 the
1876 16016 175 99 old
2098 16016 236 137 ship
2386 16030 109 99 of
2565 16049 279 90 state

222 16167 222 66 aese
496 16167 312 99 many
865 16172 345 99 years.
1361 16143 340 104 There
1739 16181 265 76 were
2050 16186 411 104 causes,
2518 16181 109 90 to
2707 16176 132 104 be

222 16304 213 76 are.
487 16271 203 99 less
742 16280 411 132 worthy
1200 16280 109 99 of
1365 16290 501 118 mention,
1932 16290 345 109 which
2329 16309 369 104 served
2731 16323 109 90 to

217 16408 231 104 ■well
496 16408 180 104 the
756 16417 572 104 sentiment
1375 16431 113 94 of
1578 16422 841 123 dissatisfaction
2490 16446 350 109 which

217 16550 283 94 'nund
553 16554 255 94 such
860 16564 416 118 general
1332 16569 208 99 and
1578 16569 265 99 such
1890 16578 482 123 graceful
2424 16611 416 109 expres-

345 16715 38 66 a
477 16687 109 94 in
680 16691 236 99 that
964 16691 477 109 election.
1587 16701 222 104 Rut
1899 16715 180 94 the
2169 16729 293 104 great
2546 16724 298 104 heart

350 16824 180 99 the
624 16838 444 132 country
1120 16833 90 104 is
1299 16871 118 71 as
1465 16852 231 94 true
1743 16847 113 99 to
1909 16847 175 99 the
2135 16852 302 123 spirit
2485 16861 123 104 of
2683 16899 104 66 re-

359 16961 506 113 ilicanism
945 17008 113 71 as
1106 16984 628 128 expounded
1809 16989 142 132 by
2003 16989 180 109 the
2235 16998 406 109 fathers
2721 17008 123 104 of

430 17112 335 118 grand
850 17112 175 104 old
1072 17135 354 109 party,
1483 17154 113 71 as
1691 17135 109 90 at
1852 17159 208 99 any
2154 17140 250 94 time
2452 17140 113 94 in
2655 17145 184 99 the

331 17249 104 118 ■t,
487 17244 213 99 and
751 17277 146 71 we
950 17254 392 104 believe
1417 17258 241 104 that
1706 17258 184 109 the
1937 17268 317 104 views
2301 17282 161 94 set
2542 17277 298 104 forth

345 17381 19 170 •
420 17381 175 109 the
643 17386 345 142 policy
1020 17395 477 109 outlined
1573 17405 137 128 by
1762 17400 548 118 President
2391 17414 444 137 Arthur,

359 17523 123 123 Jis
567 17528 213 104 late
831 17565 468 104 message
1389 17556 104 90 to
1545 17570 534 104 congress,
2169 17556 250 123 will,
2476 17561 85 99 if
2655 17565 123 99 ad-

354 17660 118 99 sd
543 17669 146 118 to,
742 17674 255 94 tend
1068 17679 109 94 in
1233 17712 61 61 a
1337 17679 293 128 large
1677 17712 472 76 measure
2202 17693 109 94 to
2400 17702 444 99 renewal

345 17802 600 113 confidence
992 17811 213 104 and
1252 17811 180 104 the
1479 17820 742 128 perpetuation
2272 17830 118 99 of
2461 17835 321 132 repub-

335 17972 99 71 m
487 17943 841 113 administration
1384 17957 165 104 for
1606 17991 312 99 many
1989 17995 302 99 years
2343 17976 113 94 to
2504 18000 335 80 come,

331 18080 113 109 is.
510 18109 364 71 moves
945 18118 128 66 us
1153 18099 109 90 to
1313 18123 184 99 say
1597 18099 231 99 that
1923 18099 184 99 the
2197 18104 652 109 President’s

335 18241 302 104 ssage
685 18217 85 94 is
822 18217 373 104 looked
1243 18255 283 104 upon
1573 18231 113 94 in
1734 18231 217 99 this
1998 18241 402 94 section
2457 18274 113 71 as
2655 18279 194 71 one

354 18345 189 104 the
619 18354 378 118 ablest,
1077 18359 444 99 clearest
1573 18369 213 94 and
1861 18378 279 90 most
2220 18373 633 128 thoughtful

326 18482 104 99 te
510 18510 387 104 papers
978 18520 246 71 ever
1261 18496 321 128 given
1677 18506 113 90 to
1838 18524 496 104 congress
2409 18510 142 128 by
2646 18543 208 104 any

307 18614 416 118 /Sident.
921 18624 487 113 Without
1488 18638 619 132 exception,-
2173 18671 156 76 we
2409 18647 439 132 believe,

302 18770 657 90 comments
1002 18775 156 99 ,of
1219 18803 198 66 our
1493 18770 279 109 local
1857 18808 298 99 press
2235 18780 274 109 have
2584 18789 265 104 been

298 18893 761 146 ■nendatory.

345 19044 293 123 pfew
718 19049 506 132 evenings
1271 19049 288 109 since
1587 19082 156 76 we
1824 19049 217 113 had
2088 19058 180 109 the
2353 19058 491 137 pleasure

331 19176 307 128 being
676 19191 416 113 present
1148 19200 109 85 at
1309 19191 180 99 the
1521 19191 883 132 Congregational
2443 19205 402 99 church

335 19313 406 99 witness
813 19313 184 109 the
1087 19318 402 123 weekly
1587 19323 435 137 literary
2117 19337 515 109 exercises
2726 19342 118 104 of

321 19450 71 137 K
444 19446 236 137 City
732 19450 510 137 Lyceum.
1394 19460 227 109 The
1672 19493 491 109 program
2239 19474 345 104 which
2631 19517 213 71 was

326 19587 293 104 .’oted
666 19592 109 99 to
827 19597 369 128 music,
1252 19597 321 109 select
1620 19602 501 142 readings
2169 19611 213 104 and
2428 19611 364 113 histori-

312 19743 14 123 ■
373 19757 392 104 essays,
817 19767 217 71 was
1082 19776 61 66 a
1195 19748 274 99 most
1521 19743 520 109 excellent
2098 19781 198 76 one
2367 19757 217 104 and
2631 19795 213 71 was

331 19866 231 94 tied
609 19876 189 90 out
841 19871 113 94 in
1002 19904 61 66 a
1110 19904 435 71 manner
1597 19880 369 132 highly
2060 19890 576 104 creditable
2726 19932 118 66 as

279 19980 123 123 Xl
449 20003 109 94 to
605 19998 184 104 the
841 20031 231 76 race
1120 20036 113 76 as
1285 20013 104 99 to
1446 20008 298 109 those
1838 20013 713 151 immediately
2598 20060 246 76 con-

227 20121 354 118 Aied.
728 20145 94 99 A
874 20145 227 104 well
1157 20154 416 104 written
1630 20187 321 104 paper
1998 20197 142 66 on
2187 20164 392 113 Greece
2631 20211 213 66 was

217 20277 506 99 ■sented
817 20282 137 128 by
1025 20282 170 99 Mr
1309 20287 170 99 W.
1564 20291 132 99 R.
1791 20291 298 104 Hall.
2239 20301 175 99 Mr
2480 20310 118 99 C.
2698 20310 137 104 N.

217 20391 364 146 Rnter
652 20409 543 118 discussed
1290 20424 439 113 Grecian
1824 20428 676 151 Mythology;
2584 20443 255 113 Miss

217 20542 255 142 ■ry
567 20556 128 99 E.
798 20561 283 99 Gant
1195 20598 269 94 gave
1545 20608 61 61 a
1696 20575 317 118 lively
2088 20580 213 104 and
2391 20594 449 128 graphic

217 20679 326 109 ■tch
572 20688 113 99 of
723 20693 175 99 the
940 20693 321 137 Early
1299 20702 293 132 Days
1630 20712 113 99 of
1781 20712 548 137 Scotland;
2424 20726 416 109 “Roses

397 20825 496 109 Sweetest
945 20835 109 104 in
1101 20835 373 137 May,”
1531 20877 213 71 was
1819 20849 643 151 beautifully
2565 20896 279 104 sung

288 20967 340 104 ■Miss
671 20972 350 99 Willie
1072 20976 283 104 Gant
1408 20981 213 104 and
1672 20986 161 104 Mr
1932 20995 132 94 A.
2169 20995 364 142 Allen;
2617 21009 170 99 fol-

217 21104 5 165 ■
283 21132 132 123 r
430 21137 52 66 n
496 21137 66 104 ß
609 21104 213 109 this
874 21142 293 80 came
1219 21113 180 109 the
1493 21123 326 109 select
1885 21128 435 142 reading
2409 21151 113 94 of
2575 21142 265 113 Miss

548 21246 137 99 A.
732 21255 524 123 Dunston,
1313 21260 255 99 then
1616 21265 491 104 followed
2154 21307 137 66 an
2339 21283 439 109 interest-

283 21369 482 109 ■ketch
817 21387 113 90 of
978 21383 340 109 North
1365 21392 487 109 Carolina
1899 21402 402 128 history
2353 21416 137 128 by
2594 21420 231 94 Rev

529 21510 387 137 Smith;
992 21529 255 99 next
1318 21562 208 71 was
1620 21534 170 104 Mr
1880 21534 109 104 J.
2065 21539 123 104 E.
2287 21548 539 113 Hamlin's

553 21680 132 61 on
732 21647 548 142 Carriage.
1431 21671 335 99 These
1819 21704 260 71 were
2135 21680 137 99 all
2348 21690 208 99 fine
2608 21723 180 99 pro-

217 21780 1011 194 ^^^s^mcing
1261 21803 449 123 culture,
1757 21813 472 99 research
2277 21822 208 99 and
2523 21831 312 123 taste,

387 21917 402 142 Oght
836 21931 260 104 have
1153 21940 255 104 been
1469 21945 557 137 profitably
2069 21969 548 118 presented
2674 21969 113 104 be-

643 22077 633 132 a^mblage
1342 22087 113 94 of
1507 22087 321 94 much
1923 22110 406 104 greater
2428 22115 411 118 preten-

647 22200 227 104 The
926 22219 321 94 music
1304 22214 647 142 throughout
2013 22261 208 71 was
2268 22238 307 128 good,
2636 22247 208 99 and

265 22332 321 156 /•A®
817 22346 515 104 histanecs
1389 22389 208 71 was
1672 22365 600 123 vigorously
2353 22384 477 94 encored.

241 22479 14 170 '
614 22479 539 109 sanization
1195 22493 104 94 of
1346 22493 175 99 the
1573 22493 468 132 Lyceum
2098 22535 208 76 was
2357 22545 61 66 a
2471 22512 359 137 happy

898 22620 203 104 and
1162 22644 312 94 meets
1531 22672 57 66 a
1630 22649 279 94 want
1961 22635 246 142 long
2258 22649 184 104 felt
2490 22654 109 99 in
2655 22687 189 71 our

1011 22762 482 113 Hitherto
1545 22809 151 71 we
1748 22776 269 104 have
2102 22781 208 109 had
2409 22824 137 66 no
2617 22795 170 104 d:s-

633 23003 123 76 --no
780 22932 43 71 r
822 22984 57 52 '’
898 22937 128 71 an
1039 22913 19 165 '
1072 22942 113 71 za
1195 22913 66 104 ^
1276 22946 128 71 on
1422 22998 24 47 ’
1545 22946 132 76 an
1691 22918 71 104 ^
1852 22946 33 76 ’
1890 22951 66 66 n
2074 22951 765 109 consequence,

732 23050 520 170 ^cenlive
1299 23069 109 85 to
1479 23055 416 132 literary
1951 23069 633 104 cultivation
2631 23079 213 99 and

364 23277 217 161 ■
647 23183 194 298 4

3482 6831 510 411 -111

3487 7243 472 274 wMi
4049 7243 335 274 llf

2957 8287 331 99 social
3335 8296 661 113 refinement.
4143 8310 255 109 This
4469 8324 227 99 fact
4776 8362 151 66 we
5017 8334 643 137 reluctantly

2957 8424 340 104 admit
3373 8466 113 66 as
3534 8433 85 109 it
3666 8443 387 132 speaks
4106 8485 255 99 very
4403 8457 373 142 poorly
4828 8466 170 99 for
5046 8499 198 76 our
5287 8476 378 132 people

3387 8570 156 104 Es
3553 8608 61 94 P
3624 8584 142 94 eci
3761 8570 14 165 .
3784 8584 137 94 an
3931 8617 66 94 y
4044 8617 118 71 so
4243 8589 302 104 when
4611 8598 85 99 it
4781 8603 85 99 is
4951 8617 713 94 remembered

2953 8702 246 94 that
3246 8702 454 137 Raleigh
3751 8717 90 94 is
3888 8721 222 99 fast
4162 8721 638 142 developing
4866 8740 231 99 into
5192 8778 137 66 an
5409 8745 189 99 edu-

2953 8835 463 104 cational
3472 8858 392 104 centre,
3921 8854 213 104 and
4186 8858 198 104 has
4474 8868 430 132 already
4998 8877 387 104 earned
5480 8877 184 109 the

2953 8967 231 99 title
3236 8972 118 99 of
3406 8976 71 52 “
3529 8976 227 109 The
3808 8986 241 132 City
4101 8995 118 94 of
4266 8995 557 104 Schools.”
4904 9000 222 109 But
5154 9043 66 66 a
5249 9014 416 132 change

2948 9099 175 99 for
3165 9099 180 109 the
3397 9109 345 109 better
3813 9123 198 99 has
4058 9132 449 123 opened,
4564 9137 213 104 and
4852 9151 515 118 promises
5419 9151 222 99 rich

2948 9241 425 99 results.
3520 9255 222 94 Our
3775 9255 231 104 best
4063 9265 335 104 talent
4431 9274 85 94 is
4554 9269 321 137 being
4909 9288 756 99 concentrated

2948 9397 109 71 in
3104 9373 184 104 the
3340 9378 515 137 Lyceum,
3912 9397 250 123 and,
4219 9411 113 94 at
4380 9435 142 71 no
4592 9406 402 109 distant
5088 9416 246 137 day,
5438 9420 208 104 will

2943 9520 293 94 exert
3331 9553 137 71 an
3553 9524 524 109 influence
4200 9543 165 99 for
4460 9543 307 128 solid,
4890 9553 392 132 lasting
5372 9562 283 128 good

2943 9676 397 109 among
3383 9690 203 66 our
3633 9671 373 128 people
4054 9676 335 104 which
4465 9680 213 104 will
4753 9685 128 104 be
4975 9690 198 99 felt
5244 9690 170 99 for
5509 9699 142 99 all

2943 9784 430 137 coming
3420 9794 293 113 time.

3076 9921 109 99 It
3246 9959 246 94 may
3539 9945 189 94 not
3798 9940 123 99 be
3997 9954 189 90 out
4257 9954 128 94 of
4446 9954 307 123 place
4857 9964 113 94 to
5041 9973 279 90 state
5414 9969 241 99 that

2939 10054 246 99 The
3255 10058 369 109 Globe
3699 10072 85 99 is
3831 10077 236 99 well
4115 10087 472 99 received
4644 10091 109 99 in
4833 10091 491 137 Raleigh,
5433 10106 213 99 and

2939 10191 90 109 is
3123 10195 387 113 looked
3562 10243 288 104 upon
3926 10252 113 71 as
4124 10219 557 146 reflecting
4757 10228 180 113 the
5022 10233 241 109 best
5334 10247 260 104 senti-

2939 10346 350 94 ments
3345 10346 109 94 of
3501 10351 189 99 the
3732 10384 246 71 race
4072 10389 137 71 on
4280 10370 369 123 nearly
4724 10375 142 99 all
4942 10375 180 99 the
5220 10380 430 132 leading

2934 10469 487 132 subjects
3468 10479 543 113 discussed
4063 10493 468 128 through
4587 10507 132 99 its
4767 10507 520 104 columns.
5395 10512 250 109 Said

2939 10639 61 61 a
3047 10611 609 123 gentleman
3718 10639 104 80 to
3917 10658 128 66 us
4110 10663 66 66 a
4266 10639 203 94 few
4545 10639 265 128 days
4894 10677 236 94 ago:
5216 10654 71 47 “
5324 10649 52 99 I
5438 10654 208 99 like

2939 10734 236 99 The
3227 10743 369 104 Globe
3652 10753 449 104 because
4153 10767 85 94 it
4285 10767 194 99 has
4531 10776 321 99 views
4918 10781 118 94 of
5131 10781 142 99 its
5348 10814 283 104 own;

2934 10876 213 104 and
3198 10909 279 80 more
3534 10885 260 109 than
3846 10890 184 132 all,
4082 10899 449 109 because
4583 10909 80 104 it
4715 10909 194 109 has
4965 10913 175 104 the
5192 10951 454 104 courage

2934 11017 217 94 and
3198 11022 184 99 the
3430 11027 378 128 ability
3855 11060 109 71 to
4058 11041 246 123 give
4398 11046 255 99 bold
4734 11050 217 99 and
5041 11055 600 132 intelligent

2934 11154 553 99 utterance
3557 11178 109 85 to
3761 11169 269 99 such
4124 11178 444 99 views.”
4710 11178 128 104 In
4932 11183 217 104 this
5230 11206 416 118 respect

2934 11320 326 94 many
3307 11296 118 104 of
3472 11329 194 76 our
3718 11301 416 113 colored
4186 11343 378 109 papers
4602 11353 175 76 are
4819 11324 302 142 sadly
5154 11339 109 94 at
5320 11334 317 109 fault.

2934 11428 104 94 It
3090 11457 340 76 seems
3477 11452 109 80 to
3643 11443 128 94 be
3822 11480 132 61 an
4002 11452 241 99 idea
4280 11457 255 94 with
4573 11461 293 99 them
4909 11466 241 99 that
5187 11471 180 99 the
5409 11509 231 90 way

2934 11565 113 90 to
3094 11589 430 80 success
3576 11575 213 99 and
3836 11584 619 128 popularity
4507 11589 90 99 is
4649 11622 61 71 a
4776 11598 666 123 go-between
5494 11608 142 128 by

2934 11698 354 109 which
3340 11740 208 99 you
3600 11712 416 109 neither
4058 11721 364 104 offend
4498 11759 118 71 or
4687 11731 354 128 please
5107 11769 213 99 any
5405 11773 236 71 one.

3024 11995 269 109 have
3345 12000 373 109 struck
3761 12038 293 94 upon
4101 12009 184 109 the
4332 12014 241 104 true
4644 12047 369 76 course
5065 12019 208 104 and
5348 12024 85 99 is
5490 12057 170 99 per-

3019 12137 468 128 forming
3534 12175 61 66 a
3643 12142 298 99 work
3973 12151 170 99 for
4186 12151 180 99 the
4408 12151 326 104 whole
4767 12189 236 66 race
5041 12161 350 94 which
5443 12194 279 71 none

3014 12265 387 137 rejoice
3449 12302 288 76 more
3813 12279 260 104 than
5490 12293 94 104 I.

3633 12553 921 94 Philadelphia
4644 12562 472 80 Letter.

3151 12666 869 137 Philadelphia,
4124 12680 217 109 Dec
4441 12690 170 128 31,
4729 12690 756 113 1882.—Since
5537 12732 180 109 my

3009 12841 217 104 last
3274 12846 317 104 letter
3638 12850 184 104 the
3879 12855 595 109 Christmas
4521 12860 487 142 holidays
5055 12869 274 109 have
5381 12879 340 104 stolen

3014 13016 416 128 rapidly
3482 13049 293 94 upon
3831 13049 123 66 us
4006 13020 501 137 bringing
4559 13035 260 99 with
4894 13044 293 99 them
5263 13077 66 66 a
5409 13049 317 99 series

3033 13148 118 99 of
3241 13148 581 137 delightful
3912 13157 624 137 gatherings
4606 13172 350 104 which
5050 13176 269 104 have
5409 13181 321 132 given

3028 13285 827 137 Philadephians
3912 13332 57 66 a
4020 13313 298 113 great
4370 13304 236 104 deal
4701 13313 118 99 of
4918 13313 477 132 pleasure
5471 13323 255 104 with

3019 13422 274 109 little
3364 13460 113 71 or
3572 13460 137 71 no
3784 13431 671 137 dissipation.
4597 13446 231 109 The
4923 13483 373 76 season
5367 13460 90 104 is
5542 13479 184 90 not

3019 13569 317 132 being
3373 13569 454 109 devoted
3921 13587 109 90 to
4120 13578 231 104 that
4450 13587 246 99 wild
4795 13592 213 99 and
5074 13602 647 137 exhausting

3014 13701 487 132 pleasure
3553 13710 435 123 seeking
4020 13715 340 104 which
4417 13720 194 104 has
4644 13724 444 109 marked
5140 13734 76 99 it
5277 13743 99 94 in
5419 13772 307 99 years

3019 13847 236 99 that
3312 13843 274 109 have
3638 13847 420 132 passed.
4209 13847 222 118 But
4479 13857 198 109 has
4715 13866 638 113 introduced
5391 13890 104 90 to
5551 13880 180 109 the

3019 13984 373 128 people
3444 14022 61 66 a
3553 14017 227 66 new
3836 14022 373 71 source
4266 14003 113 90 of
4474 14003 624 123 enjoyment
5164 14022 109 90 in
5343 14027 378 90 music.

3019 14112 194 104 We
3269 14117 265 104 have
3586 14121 510 104 attended
4143 14135 883 104 entertainments
5107 14145 345 104 where
5551 14154 180 99 the

3019 14249 605 142 redeeming
3742 14258 411 109 feature
4276 14268 194 104 has
4611 14272 265 104 been
4975 14310 61 71 a
5131 14282 222 99 solo
5447 14287 283 109 from

3019 14391 430 104 Madam
3501 14391 397 132 Selika,
3954 14400 274 104 from
4285 14405 222 99 Mrs
4545 14409 340 104 Nellie
4918 14409 387 109 Brown
5343 14424 321 104 Mitch-

3024 14528 175 128 ell,
3255 14565 123 66 or
3458 14532 279 104 from
3808 14565 288 76 some
4172 14537 326 109 lesser
4587 14546 307 132 light.
5046 14556 217 104 But
5348 14570 189 94 not
5622 14565 109 104 in

3019 14669 184 99 the
3255 14702 477 99 memory
3765 14679 113 90 of
3931 14679 184 99 the
4153 14679 345 104 eldest
4545 14688 614 104 inhabitant
5211 14698 189 99 has
5438 14702 298 104 there

3028 14830 246 71 ever
3345 14806 265 94 been
3709 14811 312 123 given
4096 14811 109 99 in
4299 14816 222 99 this
4616 14820 213 128 city
4928 14854 132 66 an
5154 14835 520 99 entertain-

3019 14948 293 94 ment
3411 14972 118 71 so
3628 14943 652 142 thoroughly
4375 14953 529 137 complete
4994 14962 113 104 in
5206 15000 312 104 every
5556 14972 123 104 de-

3019 15080 194 99 tail
3269 15080 217 99 and
3534 15113 113 66 so
3694 15090 345 123 grand
4087 15123 66 66 a
4191 15094 449 99 musical
4715 15128 458 99 success,
5277 15137 118 66 as
5490 15113 241 99 that

3019 15213 312 128 given
3378 15246 142 66 on
3572 15217 180 99 the
3794 15222 454 123 evening
4290 15227 123 94 of
4493 15227 718 142 Wednesday,
5287 15236 373 113 Decem-

3024 15354 180 94 ber
3250 15354 170 128 27,
3477 15359 113 99 at
3643 15354 458 104 Musical
4134 15354 317 113 Fund
4488 15359 250 109 Hall
4791 15369 142 132 by
4970 15373 761 142 theAmphion

3019 15491 454 137 Sing'ng
3543 15496 458 137 Society.
4153 15501 260 104 This
4488 15515 718 123 organization
5277 15515 217 109 had
5589 15529 142 104 its

3019 15628 288 99 birth
3350 15633 109 94 in
3487 15633 501 123 October,
4039 15638 203 104 ’Bl.
4389 15643 335 128 Eight
4753 15652 600 123 gentlemen
5400 15657 265 109 band-

3019 15765 132 94 ed
3222 15765 340 104 under
3614 15765 184 104 the
3879 15770 335 104 above
4304 15803 350 76 name.
4800 15780 312 109 Some
5206 15798 529 104 attention

3019 15935 213 71 was
3274 15902 321 132 given
3638 15917 113 94 to
3798 15907 180 104 the
4030 15912 373 104 details
4450 15917 113 104 of
4672 15926 765 128 organization,
5532 15935 198 109 but

3019 16054 279 90 most
3340 16049 378 99 efforts
3751 16082 260 71 were
4044 16049 472 109 directed
4559 16058 402 104 toward
5008 16072 496 137 securing
5551 16077 184 104 the

3019 16181 236 99 best
3302 16181 449 104 musical
3798 16200 746 123 arrangement
4587 16200 255 99 with
4894 16200 180 104 the
5107 16238 260 99 very
5419 16214 312 104 small

3024 16323 506 132 quantity
3576 16323 118 99 of
3770 16313 529 113 material.
4436 16328 496 109 Between
4984 16337 222 104 this
5277 16346 213 104 and
5542 16351 184 104 the

3019 16455 411 132 closing
3477 16455 534 109 rehearsal
4063 16460 350 104 which
4507 16469 255 99 took
4838 16474 302 132 place
5239 16488 113 94 at
5428 16488 227 104 Tem-

3019 16625 454 94 perance
3520 16592 255 104 Hall
3822 16635 137 61 on
4011 16602 496 128 Tuesday
4606 16616 501 128 evening,
5202 16620 260 132 May
5556 16630 165 123 30,

3024 16729 203 109 ’B2,
3283 16729 180 99 the
3520 16734 713 132 membership
4309 16767 213 71 was
4611 16743 543 109 increased
5239 16767 104 90 to
5438 16767 227 123 eigh-

3019 16871 274 123 teen,
3345 16866 217 104 and
3609 16871 80 99 it
3742 16899 236 76 now
4072 16871 501 109 numbers
4625 16890 784 132 twenty-three,
5551 16894 180 109 the

3019 17008 397 137 society
3472 17046 113 66 as
3676 17046 241 76 now
4011 17022 661 99 constituted
4753 17022 402 142 having
5220 17031 217 109 had
5532 17041 198 104 but

3019 17145 293 99 three
3364 17150 430 99 months
3883 17154 501 123 practice.
4564 17159 288 104 That
4942 17169 194 99 the
5225 17173 506 104 choruses

3019 17310 265 71 were
3340 17282 231 104 well
3624 17282 510 104 rendered
4176 17291 90 99 is
4342 17324 61 66 a
4483 17291 231 104 fact
4786 17258 420 180 beyond
5263 17306 463 137 dispute,

3019 17419 213 104 and
3279 17424 90 99 is
3454 17457 250 99 very
3756 17428 879 142 complimentary
4687 17443 109 99 to
4852 17438 180 109 the
5079 17447 454 109 rhusical
5580 17452 104 104 di-

3019 17570 378 118 rector,
3458 17565 170 94 Mr
3676 17561 123 109 C.
3855 17565 425 104 Samuel
4332 17575 397 128 Adger,
4828 17584 217 104 and
5140 17589 184 99 the
5400 17627 250 66 mem-

3019 17693 279 128 bers,
3350 17698 312 104 when
3713 17735 151 66 we
3917 17707 591 99 remember
4554 17707 180 104 the
4833 17726 468 99 extreme
5386 17731 345 128 youth

3019 17835 113 99 of
3184 17839 180 94 the
3411 17835 765 132 organization,
4233 17844 217 99 and
4498 17844 241 104 that
4843 17849 184 109 the
5121 17863 609 128 gentlemen

3024 18005 170 71 are
3250 17981 184 94 not
3496 17976 694 128 professional
4233 17981 609 113 musicians.

3156 18113 227 99 The
3430 18113 236 99 first
3718 18118 449 99 number
4200 18151 137 66 on
4384 18123 184 99 the
4606 18161 501 94 program
5154 18170 213 66 was
5424 18137 312 104 “The

3028 18241 520 137 Chapel,”
3633 18246 746 132 by-Kreutzer,
4469 18293 61 66 a
4578 18293 255 99 very
4885 18269 213 99 fine
5187 18274 543 113 selection,

3028 18411 213 66 was
3321 18378 241 99 well
3633 18387 543 99 rendered.
4323 18392 231 99 The
4639 18406 534 109 attention
5220 18411 317 123 given
5627 18425 109 85 to

3028 18510 180 99 the
3265 18510 246 99 time
3562 18515 213 94 and
3860 18524 605 123 expression
4517 18529 345 104 added
4909 18567 123 66 so
5079 18543 321 94 much
5490 18548 113 90 to
5655 18543 85 99 it

3028 18643 241 109 that
3312 18647 85 104 it
3444 18680 217 76 was
3704 18652 463 137 thought
4209 18657 146 132 by
4403 18690 321 113 many
4776 18676 109 94 to
4942 18671 132 104 be
5121 18704 198 76 one
5367 18676 118 104 of
5556 18680 184 99 the

3024 18817 293 94 gems
3430 18789 118 99 of
3661 18789 184 104 the
3964 18803 487 123 evening.
4592 18803 227 104 The
4932 18817 265 90 next
5310 18817 420 123 chorus,

3028 18917 312 109 “Bell
3387 18921 411 137 Song,”
3855 18926 85 99 is
3992 18959 61 71 a
4101 18935 326 99 much
4479 18969 288 76 more
4795 18926 458 123 difficult
5306 18978 364 104 compo-

3024 19058 350 132 sition,
3430 19068 208 104 and
3723 19068 416 137 though
4191 19110 250 99 very
4488 19077 321 142 finely
4861 19115 279 104 sung
5187 19091 184 104 the
5447 19091 236 109 audi-

3024 19233 250 66 ence
3321 19205 180 99 did
3557 19214 184 90 not
3798 19214 463 99 demand
4309 19247 132 66 an
4483 19247 416 94 encore,
5046 19224 255 104 This
5353 19266 326 94 appar-

3024 19356 180 85 ent
3250 19337 685 109 indifference
3987 19342 213 109 had
4276 19380 66 71 a
4389 19380 250 109 very
4691 19356 213 104 bad
4984 19361 317 99 effect
5367 19398 132 61 on
5556 19365 184 104 the

3019 19479 647 128 gentlemen,
3723 19483 170 104 for
3940 19488 307 99 when
4299 19488 250 137 they
4578 19493 454 109 reached
5088 19498 288 104 “Old
5414 19498 331 109 Folks

3019 19620 113 94 at
3222 19611 463 132 Home,”
3784 19620 250 137 they
4110 19625 439 104 labored
4639 19663 118 71 as
4833 19635 113 99 Jf
5041 19668 61 76 a
5197 19635 255 109 chill
5528 19639 213 104 had

3019 19753 369 104 struck
3472 19757 335 132 them,
3907 19767 213 104 and
4214 19767 416 109 seemed
4724 19729 449 151 aJious
5268 19786 109 94 to
5461 19781 283 104 avail

3019 19890 643 104 themselves
3732 19899 118 99 of
3940 19904 180 94 the
4172 19904 203 99 few
4474 19913 387 90 minuW
4899 19937 85 66 «
5031 19913 709 99 intermission

3019 20022 350 104 which
3406 20031 723 137 immediately
4172 20036 529 109 followed,
4772 20036 80 104 f
4885 20031 132 113 Ke
5069 20046 387 104 second
5509 20055 241 128 part

3019 20202 213 76 was
3302 20169 633 113 introduced
4030 20178 142 137 by
4252 20178 236 104 that
4573 20183 690 161 magnificent
5357 20187 387 113 chorus

3024 20310 331 99 “Sam
3406 20310 534 104 Martino”
4016 20315 146 132 by
4209 20315 477 99 Dodson.
4757 20310 9 137 :
4833 20324 283 94 Here
5164 20324 184 99 the
5419 20357 241 66 mem-

3014 20438 241 113 bers
3340 20447 411 109 seemed
3813 20457 109 99 to
3997 20457 359 128 regain
4431 20452 71 109 t’
4559 20447 151 113 Mr
4743 20447 24 118 I
4800 20457 647 132 confidence,
5532 20457 213 109 and

3014 20622 288 71 some
3383 20622 255 99 very
3690 20598 529 94 beautiful
4309 20627 189 66 woj
4540 20598 66 99 k
4687 20617 222 85 Was
4989 20598 312 104 ddie.
5447 20603 298 132 They

3014 20721 506 104 deserved
3609 20726 189 99 the
3850 20759 250 99 very
4172 20726 302 104 heart
4502 20759 47 99 f
4635 20735 383 94 ericore
5098 20735 350 99 which
5532 20769 213 71 was

3009 20868 350 132 given.
3506 20863 260 109 This
3850 20901 217 66 was
4120 20858 335 109 follci.
4502 20858 109 109 ’d
4663 20854 151 146 toy
4904 20868 312 109 “The
5263 20868 482 113 Sabbath

3014 21005 345 128 Call,”
3420 21009 454 99 another
3926 21038 250 99 very
4233 21005 548 123 beautifufl
4833 21024 746 113 arrangement
5631 21019 113 94 of

3019 21142 567 142 harmony.
3728 21137 217 113 But
3997 21142 132 104 its
4186 21137 680 137 “lidarity,”
4923 21142 142 137 by
5107 21146 350 123 Dehn,
5504 21146 241 109 that

3019 21283 515 128 provided
3661 21288 189 99 the
3969 21279 751 156 opportunity;
4809 21279 170 109 for
5088 21283 189 104 the
5391 21288 359 104 infant

3019 21420 534 123 daughter
3647 21425 123 94 of
3836 21449 198 66 one
4087 21420 113 94 of
4285 21444 203 71 our
4578 21411 430 132 worthy
5098 21420 449 94 citizens
5641 21430 113 85 to

3014 21553 369 109 startle
3439 21553 180 109 the
3713 21553 506 109 audience
4294 21548 260 109 with
4654 21515 76 132 A
4800 21548 369 142 purely
5249 21548 506 109 childlike

3019 21694 369 128 laugh,
3487 21690 765 128 accompanied
4290 21690 265 99 with
4606 21690 194 99 tine
4890 21690 463 118 remark,
5461 21690 279 99 “Oh!

3019 21827 170 104 ’tis
3241 21841 180 85 too
3472 21827 468 132 funny.”
4087 21822 142 104 So
4299 21827 90 99 it
4431 21855 217 71 was
4696 21789 312 198 jquite
5055 21822 387 132 funny,
5537 21822 213 99 and

3019 21997 213 76 was
3312 21969 175 99 the
3539 21964 506 109 selection
4134 21959 236 109 that
4413 21926 510 180 required
5003 21992 66 76 a
5117 21987 250 104 very
5452 21959 298 132 rapid

3019 22115 647 94 movement.
3813 22101 260 99 This
4129 22129 213 71 was
4403 22101 463 99 encoded
4951 22101 213 99 and
5206 22101 539 128 repeated,

3019 22238 213 109 and
3279 22243 321 132 again
3643 22238 496 104 encored.
4290 22233 227 104 The
4569 22266 501 99 program
5121 22266 222 71 was
5395 22233 307 104 finish-

3019 22380 132 99 ed
3198 22380 265 99 with
3506 22380 184 99 the
3742 22384 213 94 two
4006 22403 255 94 very
4309 22370 359 99 choice
4706 22370 576 104 selections
5334 22370 350 104 “Love-

3019 22512 104 132 ly
3194 22512 463 132 Night,”
3709 22512 142 132 by
3898 22502 524 128 Chwatal,
4521 22493 231 113 and
4809 22502 383 109 “Good
5287 22507 458 132 Night,”

3019 22649 142 137 by
3213 22649 118 109 C.
3387 22649 430 109 Samuel
3865 22649 397 132 Adger.
4403 22635 128 113 In
4587 22644 194 104 (the
4852 22644 321 142 study
5225 22649 208 104 and
5476 22649 222 132 sing-

3014 22795 189 128 ing
3250 22795 113 104 of
3416 22795 298 104 these
3761 22791 605 123 selections,
4403 22786 189 128 tlye
4625 22791 392 132 society
5055 22791 189 99 has
5287 22791 411 132 display-

3019 22932 132 104 ed
3198 22932 378 137 ability
3628 22932 175 109 far
3850 22932 345 109 above
4252 22923 359 175 th^a;
4635 22961 340 104 erage,
5008 22928 217 109 and
5272 22937 189 99 has
5513 22928 184 109 tak-

3019 23107 132 71 en
3198 23074 189 104 the
3454 23079 236 104 first
3732 23074 302 137 place
4077 23079 118 104 in
4243 23036 307 175 th/1.
4620 23079 43 99 t
4710 23074 118 104 of
4899 23069 477 118 societies
5428 23069 326 109 simil-

5731 2140 534 165 NEW
6373 2154 723 213 YORK,
7195 2178 1332 217 SATURDAY,
8636 2211 1106 184 JANUARY
9836 2254 161 184 6,
10129 2169 468 260 IS^L

4663 7781 307 104 IION
5065 7786 865 123 FREDERICK
6043 7809 798 137 DOUGLASS,

4342 7998 628 99 REGISTER
5022 8017 161 80 OF
5244 8022 260 85 THE
5565 8031 581 90 DISTRICT
6241 8041 161 80 OF
6458 8046 723 94 COLUMBIA.

5835 8376 227 132 arly
6109 8391 591 123 organized.
6850 8400 227 104 The
7129 8409 444 104 musical
7625 8424 326 99 world
8003 8424 194 109 has
8282 8433 265 109 been

5835 8518 439 104 startled
6345 8528 142 128 by
6534 8565 66 66 a
6647 8565 255 99 very
6954 8537 468 109 brilliant
7507 8551 269 118 light
7852 8561 104 94 in
8041 8565 506 113 Adelaide

5839 8665 132 90 U.
6033 8665 392 118 Smith,
6477 8669 113 94 of
6643 8669 449 132 Boston,
7134 8679 241 99 who
7427 8688 449 104 assisted
7918 8693 170 104 the
8135 8712 350 113 gentle-

5835 8816 274 76 men.
6265 8797 444 132 Though
6789 8844 66 66 a
6902 8816 487 128 stranger
7455 8825 109 94 to
7630 8854 165 94 us,
7852 8825 241 128 (has
8173 8844 307 118 proba-

5839 8934 180 113 bly
6066 8934 435 99 favored
6553 8967 61 71 a
6666 8939 255 104 New
7002 8948 302 99 York
7356 8957 543 123 audience,
7956 8967 80 99 if
8107 8972 189 99 she
8343 8976 194 109 has

5835 9071 222 113 not,
6109 9066 236 123 give
6402 9066 194 104 her
6633 9076 184 99 the
6850 9090 694 132 opportunity
7578 9094 208 104 and
7838 9099 52 99 I
7928 9132 198 71 can
8178 9142 354 76 assure

5830 9222 246 99 you,
6132 9231 208 94 you
6392 9208 208 94 will
6676 9222 184 90 not
6917 9231 345 113 regret
7342 9227 170 128 it).
7658 9231 345 104 When
8088 9246 189 99 she
8353 9283 128 90 ap-

5835 9331 387 123 peared
6255 9335 189 99 she
6477 9373 213 71 was
6723 9378 255 104 very
7016 9354 454 146 heartily
7502 9392 137 71 ret
7677 9369 340 104 eived.
8121 9378 420 128 During

5835 9458 184 109 the
6066 9468 425 137 singing
6539 9482 123 109 of
6709 9482 184 109 her
6940 9491 231 104 first
7224 9491 543 142 selection,
7861 9510 335 104 “Una
8287 9515 246 118 Voce

5830 9600 269 104 Poco
6175 9609 288 123 Pa,”
6520 9614 184 104 the
6789 9624 510 109 audience
7380 9647 165 90 sat
7597 9671 113 71 so
7800 9647 406 132 quietly
8291 9657 241 109 that

5825 9765 317 104 every
6189 9756 250 90 note
6520 9751 312 109 could
6888 9761 128 99 be
7068 9794 175 71 eas
7252 9770 24 66 ;
7290 9765 104 137 ’y
7446 9775 321 104 Heard
7852 9784 109 94 in
8017 9784 137 104 all
8239 9803 293 118 parts

5820 9874 118 99 of
6009 9874 180 104 the
6241 9879 260 109 hall.
6652 9888 321 113 From
7044 9902 189 104 the
7313 9935 250 109 very
7649 9912 236 109 first
7965 9945 298 85 notes
8348 9940 184 94 the

5825 10016 510 99 audience
6387 10025 411 99 seemed
6855 10044 109 80 to
7011 10039 203 94 feel
7266 10039 236 104 that
7550 10044 250 132 they
7852 10082 265 71 were
8211 10068 321 123 going

5820 10143 113 94 to
5986 10143 128 104 be
6161 10153 411 109 treated
6624 10167 109 94 to
6784 10191 288 80 some
7120 10176 657 137 exceptional
7828 10191 416 142 singing
8320 10200 213 104 and

5820 10313 113 66 so
5991 10285 80 104 it
6128 10294 430 128 proved.
6699 10299 227 109 The
6978 10309 246 137 lady
7276 10323 520 123 appeared
7833 10337 118 94 to
7994 10332 222 104 lose
8244 10342 283 128 sight

5820 10431 113 85 of
5986 10431 189 90 her
6217 10431 515 104 audience
6784 10446 203 99 and
7039 10455 425 99 entered
7512 10483 118 71 so
7677 10460 657 142 thoroughly
8372 10479 104 99 in-

5820 10559 113 90 to
5986 10554 184 104 the
6222 10569 307 123 spirit
6581 10569 113 104 of
6789 10573 189 104 her
7025 10583 539 128 selection,
7663 10592 241 109 that
7989 10602 184 104 she
8268 10644 260 71 soon

5820 10691 548 132 displayed
6420 10739 61 61 a
6534 10710 406 118 perfect
6992 10710 614 137 knowledge
7654 10734 113 94 of
7843 10734 184 99 the
8074 10748 397 123 require-

5820 10838 340 85 ments
6255 10833 123 99 of
6472 10824 180 113 the
6742 10847 378 123 music,
7219 10880 57 76 a
7375 10857 265 128 rich,
7734 10871 383 123 round,
8206 10890 317 90 sweet

5816 10961 335 113 voice,
6250 10970 203 104 and
6557 10980 496 109 evidence
7181 10989 118 104 of
7394 10998 406 104 careful
7904 11008 321 137 study
8315 11017 208 104 and

6463 11112 345 99 When
6883 11126 217 94 this
7167 11126 501 104 selection
7753 11140 213 99 had
8013 11145 260 99 been
8329 11154 142 94 fin-

5816 11235 302 99 ished
6175 11235 288 109 there
6515 11272 213 76 was
6775 11277 137 76 no
6950 11249 340 113 doubt
7342 11272 638 132 concerning
8055 11277 184 104 her
8287 11315 180 76 suc-

5811 11400 265 76 cess.
6298 11376 213 113 She
6600 11381 217 113 had
6907 11395 520 132 appealed
7521 11414 104 99 to
7720 11414 600 142 everybody
8409 11424 113 109 in

5811 11537 288 66 some
6194 11542 236 104 way
6529 11523 213 99 and
6822 11537 609 123 everybody
7479 11546 638 123 applauded.
8263 11561 260 94 Miss

5811 11646 354 94 bmith
6217 11674 293 80 came
6562 11655 203 104 and
6822 11669 638 128 conquered.
7611 11679 354 137 Every
8017 11688 506 109 selection

5811 11806 217 71 was
6113 11792 487 99 encored.
6746 11792 194 109 We
6987 11835 175 76 are
7243 11839 260 99 very
7545 11820 411 128 greatly
8022 11825 501 118 indebted

5891 11939 109 76 t°
6057 11939 184 80 toe
6288 11924 463 132 g^trereni
6761 11967 128 66 cn
6940 11924 907 151 forTntrodux^^
7998 11948 38 99 i

5891 12052 241 109 who
6180 12061 213 104 will
6439 12066 746 137 undoubtedly
7233 12076 274 109 have
7554 12113 66 71 a
7654 12080 543 142 following
8244 12099 279 99 when-

5891 12222 246 71 ever
6217 12198 184 94 she
6454 12231 241 99 may
6770 12236 397 94 appear
7214 12213 109 99 in
7403 12246 194 66 our
7644 12222 255 128 city.
8041 12227 165 99 Mr
8277 12231 109 94 J.
8447 12236 137 94 H.

5896 12321 506 113 Clifton’s
6472 12335 600 109 solo—“To
7153 12345 123 104 be
7351 12378 250 71 near
7672 12354 359 128 thee,”
8112 12359 350 109 shows
8537 12402 61 76 a

5896 12463 430 109 decided
6359 12477 770 128 improvement
7176 12491 279 99 since
7498 12487 161 104 his
7687 12491 222 104 first
7951 12534 647 94 appearance

5901 12605 255 94 with
6217 12609 175 90 the
6444 12614 581 118 Amphion.
7167 12619 165 94 He
7384 12624 194 99 has
7630 12633 359 90 shown
8046 12657 288 99 great
8367 12647 170 90 wis-

5896 12732 246 104 dom
6241 12737 104 99 in
6439 12746 595 137 remaining
7129 12751 255 104 with
7479 12756 326 109 them.
7956 12765 165 104 He
8211 12770 387 109 should

5896 12879 279 99 avail
6217 12874 425 113 himself
6685 12888 123 99 of
6841 12921 312 99 every
7209 12893 397 137 weekly
7649 12902 562 109 rehearsal.
8296 12912 246 109 Miss-

5896 13039 113 66 es
6061 13016 387 128 Cassey
6501 13020 213 94 and
6765 13020 402 104 Gilbert
7219 13030 236 94 who
7507 13068 170 66 are
7729 13068 113 66 so
7894 13044 227 94 well
8211 13044 387 104 known

5896 13143 109 99 in
6061 13143 175 104 the
6331 13153 444 104 musical
6827 13157 326 104 world
7233 13167 671 104 contributed
7998 13172 397 137 largelv
8490 13200 109 85 to

5901 13280 184 99 the
6165 13318 534 99 program.
6841 13294 222 104 The
7143 13299 331 104 ladies
7554 13304 387 137 played
8017 13313 581 142 brilliantly

5901 13422 208 99 and
6156 13413 510 118 deserved
6713 13431 184 104 the
6945 13469 435 71 encores
7408 13441 345 104 which
7795 13446 255 137 they
8088 13460 506 99 received.

5901 13554 298 137 They
6250 13564 260 104 both
6595 13569 236 132 give
6879 13578 501 104 evidence
7455 13587 118 94 of
7620 13592 572 104 continued
8277 13602 326 128 study

5901 13701 208 99 and
6146 13710 491 118 practice.
6718 13710 312 99 MrF.
7072 13715 109 99 J.
7224 13715 128 99 R.
7384 13720 359 104 Jones’
7786 13724 326 99 violin
8140 13734 222 99 solo
8395 13767 208 71 was

5901 13866 66 71 a
6014 13833 416 113 feature
6477 13847 118 99 of
6643 13843 180 104 the
6855 13852 850 113 entertainment.
7861 13861 194 104 His
8107 13866 496 109 selection

5901 13975 184 99 the
6189 13980 387 99 “Sixth
6671 13989 194 94 Air
6954 13989 515 123 Varied,”
7573 14031 213 71 was
7833 14008 411 99 treated
8339 14013 109 99 in
8542 14046 66 71 a

5906 14112 501 123 masterly
6458 14117 213 99 and
6718 14121 454 104 finished
7243 14159 477 71 manner.

6033 14277 643 142 Interesting
6723 14291 444 104 services
7219 14329 260 71 were
7535 14301 250 109 held
7833 14310 113 99 at
7994 14306 425 128 Wesley
8466 14310 132 104 A.

5910 14409 151 109 M.
6165 14414 132 109 E.
6373 14419 425 104 Church
6907 14433 208 99 last
7205 14433 515 104 Sabbath.
7861 14443 222 99 The
8197 14457 402 118 pastor,

5906 14546 231 109 Rev
6217 14556 151 104 M.
6425 14556 142 104 H.
6676 14565 312 123 Ross,
7039 14570 524 132 preached
7635 14575 104 104 in
7838 14580 184 99 the
8117 14589 487 132 morning

5910 14693 208 99 and
6217 14702 449 123 evening
6718 14712 109 90 to
6921 14702 288 123 large
7252 14712 595 104 audiences.
7998 14721 222 99 The
8315 14726 288 99 choir

5910 14820 548 104 furnished
6548 14839 671 123 appropriate
7342 14849 369 94 music.
7861 14849 222 99 The
8206 14858 392 94 church

5906 14986 213 76 was
6175 14957 638 128 beautifully
6860 14976 496 104 trimmed
7413 14981 246 99 with
7715 15014 647 104 evergreens,
8419 14991 184 109 the

5901 15099 487 123 galleries
6439 15137 265 71 were
6751 15109 553 104 festooned
7356 15123 208 99 and
7611 15161 61 66 a
7743 15123 529 109 beautiful
8320 15165 283 66 cross

5906 15260 213 66 was
6165 15236 109 94 in
6369 15241 298 99 front
6713 15246 113 94 of
6921 15246 175 99 the
7186 15255 387 123 pulpit.
7715 15260 227 99 The
7989 15283 340 76 rector
8419 15302 123 66 an-

5901 15369 411 109 ounced
6397 15411 61 66 a
6543 15378 869 142 watch-meeting
7526 15392 397 104 service
8088 15402 175 99 for
8343 15402 255 104 New

5906 15506 378 109 Year’s
6340 15515 255 128 Eve,
6652 15529 732 132 commencing
7422 15543 109 90 at
7578 15534 241 104 8:30
7866 15534 411 104 o’clock
8353 15548 246 99 with

5910 15680 57 61 a
6014 15647 331 123 hymn
6430 15657 392 99 service
6874 15661 137 128 by
7110 15666 180 99 the
7342 15671 326 99 choir.
7814 15671 586 132 Preaching
8494 15699 109 80 at

5906 15780 57 99 9
6019 15813 57 66 o
6123 15780 387 142 clock,j
6548 15789 496 104 followed
7096 15798 137 128 by
7285 15831 57 71 a
7394 15803 335 128 praise
7781 15813 458 128 meeting
8334 15813 269 99 until

5910 15917 156 104 12.
6222 15921 255 104 This
6529 15926 402 109 church
6983 15931 189 104 has
7219 15935 477 142 recently
7762 15945 255 99 been
8074 15950 529 99 remodled

5906 16058 213 99 and
6165 16063 524 132 repaired;
6770 16068 180 104 the
6992 16082 350 123 vestry
7389 16077 90 99 is
7521 16082 477 132 working
8050 16087 255 104 hard
8348 16091 250 99 with

5906 16191 269 104 their
6222 16224 369 104 pastor
6633 16214 118 90 to
6798 16214 520 123 complete
7370 16214 180 104 the
7616 16214 288 104 work
7965 16224 345 104 before
8362 16257 184 71 con-

5906 16332 416 104 ference
6378 16337 331 99 which
6784 16356 326 90 meets
7162 16346 246 104 here
7450 16356 104 94 in
7611 16356 180 99 the
7838 16365 397 123 spring.
8381 16365 222 94 The

5901 16460 331 113 ladies
6279 16474 118 99 of
6435 16469 180 109 the
6666 16479 397 104 church
7106 16517 175 71 are
7332 16488 435 137 making
7814 16512 789 118 arrangements

5906 16616 109 85 to
6066 16611 420 99 furnish
6543 16644 222 71 new
6817 16625 279 94 seats
7191 16625 165 99 for
7403 16625 184 99 the
7677 16639 364 118 vestry
8088 16639 208 99 and
8395 16639 203 99 will

5906 16739 250 99 hold
6250 16776 61 61 a
6364 16748 444 99 musical
6898 16762 827 99 entertainment
7809 16767 208 99 and
8098 16767 506 132 japanese.

5901 16880 180 99 tea
6128 16890 312 123 party
6491 16880 170 104 for
6709 16885 236 104 that
7030 16918 458 109 purpose
7540 16923 132 76 on
7757 16899 562 142 Thursday
8367 16937 175 76 eve-

5901 17022 298 128 ning,
6250 17022 180 104 the
6477 17022 189 104 4th
6718 17031 246 99 inst.

6033 17192 227 99 The
6345 17202 392 94 annual
6780 17211 416 90 concert
7247 17206 118 94 of
7446 17206 184 99 the
7677 17211 397 132 Young
8126 17220 477 128 People’s

5910 17320 454 109 Musical
6425 17329 208 104 and
6685 17334 482 132 Literary
7224 17339 416 132 Society
7677 17348 118 94 of
7885 17348 184 104 the
8102 17348 444 109 Crucifix-

5901 17461 175 104 ion
6128 17461 123 109 P.
6302 17466 128 104 E.
6491 17466 420 109 Church
6973 17504 208 76 was
7228 17476 317 132 given
7639 17499 109 90 at
7795 17480 439 113 Musical
8291 17490 312 109 Fund

5901 17603 250 104 Hall
6208 17636 137 71 on
6397 17613 491 132 Tuesday
6940 17617 444 128 evening
7417 17622 137 132 by
7597 17622 118 99 C.
7776 17627 420 104 Samuel
8249 17631 359 137 Adger

5906 17740 213 99 and
6165 17740 265 104 Miss
6520 17745 491 104 Miranda
7058 17754 118 94 C.
7280 17754 477 132 Vinning
7838 17773 761 118 accompanist,

5906 17877 439 104 assisted
6387 17877 137 132 by
6567 17882 184 99 the
6798 17882 543 132 following
7384 17891 369 99 talent:
7833 17896 123 99 E.
8008 17901 128 99 A.
8183 17896 416 128 Brown,

5910 18014 420 109 Madam
6430 18014 293 142 Lucy
6831 18033 109 104 A-
7039 18024 392 137 Adger,
7493 18028 137 109 E.
7729 18028 146 109 M.
7975 18033 628 142 LeCompte,

5906 18151 331 104 Lizzie
6293 18156 586 123 Robinson,
6921 18161 118 99 C.
7101 18161 128 99 L.
7313 18165 397 123 Moore,
7767 18170 260 99 Miss
8074 18175 241 99 Inez
8367 18180 184 99 Cas-

5910 18317 217 99 sey,
6189 18288 340 104 Maria
6576 18293 128 99 A.
6756 18293 510 132 Lindsey,
7323 18298 392 104 Louisa
7767 18302 373 104 Morris
8216 18312 208 99 and
8494 18312 109 99 J.

5906 18425 132 94 E.
6189 18425 524 99 Warrick.
6865 18435 90 99 A
7087 18435 628 123 comedetta,
7814 18444 444 99 entitled
8419 18444 189 104 His

5910 18548 288 109 First
6274 18553 331 128 Brief,
6666 18562 255 99 with
6973 18562 180 99 the
7247 18567 548 132 following
7843 18586 260 85 cast:
8183 18576 430 104 Charles

5910 18690 633 132 DeMurner,
6591 18732 61 66 a
6680 18728 359 104 young
7068 18699 543 137 barrister;
7696 18709 104 104 S.
7838 18704 402 109 Clifton
8277 18713 265 104 Mose-

5910 18831 142 123 ly,
6109 18831 435 132 Congon
6619 18836 520 128 Popham,
7195 18874 61 66 a
7304 18846 378 99 retired
7767 18860 170 85 tea
8008 18855 595 128 merchant;

5910 18959 128 109 F.
6109 18969 128 99 T.
6288 18969 477 123 Holmes,
6817 18969 534 109 Jeremiah
7422 18978 463 123 Rounse,
7942 18978 477 104 Maurice
8466 18987 137 104 H.

5915 19106 449 128 Wilson,
6420 19110 227 104 Mrs
6704 19110 638 137 Farrington
7389 19110 369 137 Ward,
7814 19115 260 109 Miss
8131 19120 487 113 Miranda

5910 19247 123 99 C.
6090 19247 510 123 Vinning,
6661 19247 430 118 Martin,
7153 19252 189 94 her
7384 19257 335 128 maid;
7805 19257 255 104 Miss
8140 19261 477 128 Virginia

5915 19380 132 104 E.
6109 19380 435 132 Dorsey.
6690 19380 227 109 The
6964 19384 369 104 article
7380 19389 118 99 of
7545 19389 321 99 unian
7923 19398 468 94 between
8443 19398 175 99 the

5920 19526 208 94 two
6184 19517 288 104 Most
6567 19517 661 137 Worshipful
7318 19521 359 109 Grand
7753 19526 420 132 Lodges
8220 19535 118 99 of
8405 19535 156 104 col-

5915 19658 250 99 ored
6213 19654 435 104 Masons
6690 19658 109 99 in
6855 19663 180 104 the
7115 19663 274 94 state
7441 19663 113 99 of
7630 19663 780 137 Pennsylvania
8457 19677 104 99 of-

5915 19795 354 104 ferred
6383 19828 151 90 up
6633 19795 189 109 the
6940 19800 548 132 following
7587 19833 406 104 prayer.
8145 19809 217 104 “In
8438 19809 180 109 the

5920 19965 307 66 name
6274 19937 113 94 of
6482 19937 274 113 God,
6813 19970 354 85 amen,
7209 19965 354 94 amen;
7672 19951 109 85 to
7833 19946 241 94 thee
8154 19980 151 66 we
8357 19956 260 90 offer

5920 20060 397 109 thanks
6364 20065 109 99 in
6524 20065 175 104 the
6756 20098 307 76 name
7110 20065 118 109 of
7323 20069 180 99 the
7554 20074 279 99 craft
7890 20079 118 94 of
8098 20069 265 109 Free
8409 20079 208 104 and

5920 20202 539 132 Accepted
6529 20202 435 113 Masons
7058 20202 501 142 (colored)
7654 20211 113 104 of
7861 20211 175 104 the
8131 20225 279 99 state
8499 20220 118 104 of

5920 20343 822 123 Pennsylvania,
6794 20376 359 94 peace,
7228 20348 567 123 happiness
7833 20357 213 90 and
8135 20386 425 94 prosper-

5915 20476 279 123 ity.”

6052 20617 420 128 Where,
6529 20622 302 104 there
6879 20627 321 99 exists
7247 20631 104 94 in
7394 20622 180 104 the
7625 20636 274 94 state
7951 20631 109 99 of
8107 20631 449 132 Pennsyl-

5920 20759 317 94 vania
6331 20764 208 90 two
6595 20769 477 118 separate
7167 20759 359 104 bodies
7611 20759 387 99 known
8088 20797 118 66 as
8258 20769 364 99 Grand

5920 20887 416 137 Lodges
6378 20891 118 104 of
6543 20891 420 109 colored
7011 20891 265 113 Free
7328 20896 430 109 Masons
7805 20896 180 109 the
8036 20929 283 80 same
8367 20901 194 109 hav-

5920 21033 184 118 ing
6151 21033 402 99 existed
6638 21033 170 104 for
6855 21071 66 66 a
6964 21038 255 128 long
7299 21038 364 132 period
7710 21038 113 99 of
7918 21043 250 99 time
8216 21043 213 104 and
8480 21047 137 128 by

5920 21165 231 104 said
6246 21170 600 132 separation
6898 21170 180 104 the
7167 21175 321 104 social
7587 21170 576 137 happiness
8244 21180 113 99 of
8438 21180 184 99 the

5924 21307 520 99 members
6477 21312 118 99 of
6643 21302 265 104 both
6954 21312 340 128 grand
7342 21312 359 132 lodges
7753 21312 189 104 has
7975 21312 255 109 been
8287 21331 283 113 great-

5929 21435 104 128 ly
6118 21444 524 94 retarded.
6794 21439 543 123 Whereas,
7389 21449 184 94 the
7620 21449 557 128 principles
8272 21454 113 90 of
8433 21482 198 66 our

5924 21567 770 109 time-honored
6789 21576 609 104 institution
7498 21576 454 104 demand
8093 21614 137 66 no
8362 21586 260 99 such

5924 21713 638 118 separation.
6699 21709 576 104 Therefore
7365 21713 132 99 be
7587 21723 85 90 it
7743 21713 510 104 resolved:
8362 21723 260 99 both

5929 21836 392 128 parties
6392 21836 496 132 agreeing
6935 21841 236 99 that
7224 21874 151 71 we
7450 21865 288 80 enter
7781 21846 227 99 into
8079 21879 288 99 ways
8419 21855 208 99 and

5929 22006 359 71 means
6331 21978 109 99 to
6487 21978 317 99 effect
6850 22011 61 71 a
6954 21973 397 137 lasting
7394 21983 326 99 union
7767 21978 118 104 of
7965 21983 180 104 the
8192 21987 279 104 craft
8518 21992 104 99 in

5929 22115 180 99 the
6203 22120 283 94 state
6529 22115 123 99 of
6742 22115 784 132 Pennsylvania
7573 22148 132 71 on
7800 22120 189 99 the
8079 22124 553 132 following

5929 22247 317 128 basis,
6307 22247 227 104 that
6586 22247 274 104 after
6907 22247 123 104 St
7077 22247 387 104 John's
7512 22257 246 123 dav,
7833 22257 576 109 December
8457 22266 165 118 27,

5924 22389 137 99 A.
6123 22389 180 123 D.,
6364 22389 293 118 1882,
6718 22389 288 99 there
7044 22389 279 99 shall
7380 22389 118 99 be
7573 22389 142 104 all
7767 22389 194 99 but
8008 22427 198 66 one
8263 22398 359 104 Grand

5924 22521 364 132 Lodge
6340 22526 113 94 of
6543 22521 269 99 Free
6888 22521 213 104 and
7153 22526 543 128 Accepted
7767 22526 430 99 Masons
8249 22535 109 94 in
8447 22535 184 99 the

5924 22668 274 99 state
6250 22658 113 109 of
6411 22658 827 137 Pennsylvania.

6061 22800 222 104 The
6321 22800 576 137 appointed
6931 22800 279 132 joint
7276 22805 605 99 committee
7909 22800 335 104 called
8287 22838 61 71 a
8386 22838 184 71 con-

5929 22942 435 104 vention
6411 22946 123 99 of
6576 22937 534 132 delegates
7157 22937 217 109 and
7422 22946 879 132 representatives
8353 22946 279 104 from

5929 23121 57 71 a
6085 23083 496 137 majority
6628 23088 118 99 of
6841 23079 265 109 both
7157 23079 364 109 Grand
7606 23083 416 137 Lodges
8069 23088 231 104 that
8386 23117 241 76 con-

8702 2603 5 189 .
8773 2603 472 104 venedat
9298 2617 454 113 O’Nill’s
9794 2631 293 132 Hall,
10139 2674 142 71 on
10328 2646 534 146 Tuesday,
10899 2665 576 118 December

8702 2740 5 175 ।
8773 2773 161 80 ~0,
8986 2740 213 104 and
9255 2773 732 99 consumtated
10035 2778 175 99 the
10257 2787 331 104 union
10635 2797 118 99 of
10800 2802 184 99 the
11031 2806 435 109 Masons

8702 2877 5 198 I
8769 2901 165 175 2m
8976 2877 47 94 1
9066 2906 198 71 enn
9279 2887 246 189 y^
9529 2924 227 76 ania
9765 2976 24 43 ’
9846 2910 208 99 and
10153 2920 491 109 installed
10696 2934 180 104 the
10923 2939 548 137 following

8792 3151 47 71 ,
8948 3043 113 180 S
9076 3052 99 66 rS
9222 3028 118 99 0(
9661 3033 151 113 “■
9865 3038 170 118 W-
10096 3052 128 104 G.
10285 3057 369 151 Lodge
10696 3076 118 99 ot
10880 3080 132 104 A.
11074 3080 118 109 F.
11258 3090 203 109 and

8773 3283 109 94 M
8976 3189 416 189 W*?
10035 3217 47 71 S
10096 3198 213 180 “?
10389 3208 118 99 of
10644 3208 813 146 Pennsylvania:

8702 3307 5 184 i
9449 3307 113 104 M
10403 3340 392 137 Miller;
10880 3354 142 99 M.
11088 3354 170 109 W.
11320 3364 132 104 D.

8769 3439 293 90 G.M
9203 3439 624 113 Johnathan
9879 3458 392 137 Miller;
10356 3472 142 104 R.
10611 3482 165 104 W.
10833 3487 109 104 S.
11008 3496 90 99 G
11239 3501 137 94 W

8764 3562 288 217 ^hn
9109 3567 123 104 E.
9288 3510 373 269 Aj]^
9775 3591 132 104 R.
9973 3600 123 94 W
10110 3680 24 24 .
10186 3605 113 99 j.
10351 3609 161 109 q
10512 3609 161 109 w
10809 3628 161 94 Th
11329 3586 128 156 p’

9156 3709 298 180 ’A
9510 3718 142 109 W
9657 3803 24 28 -
9742 3728 90 104 G
9846 3808 33 80 “.
9973 3732 90 109 T
10120 3817 24 38 ’
10195 3742 543 118 Theodore
10824 3756 123 109 F.
11013 3765 430 132 Young;

8769 3831 572 118 R’L.
9383 3850 161 132 S.,
9595 3855 468 118 William
10115 3874 109 104 S.
10280 3883 430 109 Mower.

8901 3978 586 109 Christmas
9581 3997 231 132 Day
9869 4039 208 66 was
10162 4044 61 71 a
10318 4049 255 109 very
10620 4025 359 142 happy
11027 4068 203 76 one
11277 4044 170 104 for

8769 4106 175 104 the
8995 4129 449 99 Ciales
9496 4134 137 99 o£
9676 4139 180 104 the
9940 4143 340 109 Home
10375 4162 170 99 for
10635 4167 184 109 the
10913 4172 529 118 Destitute

8773 4384 128 61 w
9076 4389 66 57 n
9146 4252 66 104 d
9260 4257 321 113 Ghl,d
9586 4299 104 90 »
9694 4309 71 66 n
9784 4356 24 47 >
9865 4290 109 94 at
10077 4285 151 104 Fo
10243 4299 165 128 rty
10460 4294 302 109 Sixth
10857 4318 326 99 street
11235 4299 236 132 anff

8778 4389 595 109 Woodland
9425 4431 439 80 avenue.
10011 4422 227 99 The
10290 4460 553 104 managers
10932 4455 515 118 provided

8764 4545 142 71 an
8957 4535 515 99 excellent
9520 4540 378 109 dinner
9945 4569 676 118 appropriate
10701 4583 109 85 to
10904 4578 184 99 the
11192 4587 241 118 day.

8773 4663 94 85 A
8920 4663 591 104 Christmas
9586 4682 217 99 tree
9865 4715 203 71 was
10162 4696 364 123 placed
10620 4701 109 104 in
10824 4710 184 109 the
11079 4720 369 109 school

8764 4824 288 71 loom
9151 4800 203 109 and
9397 4824 113 94 at
9557 4814 57 104 3
9666 4819 411 109 o’clock
10129 4828 180 109 the
10356 4833 312 113 doors
10724 4885 260 71 were
11036 4866 406 123 opened

8773 4946 213 85 and
9033 4946 180 94 the
9265 4946 274 99 little
9586 4989 255 71 ones
9898 4998 265 66 were
10209 4984 557 113 permitted
10861 5003 109 85 to
11046 5027 165 71 see
11263 5003 180 99 the

8764 5065 463 109 wonder.
9378 5079 317 109 Their
9742 5093 406 137 delight
10224 5107 213 99 and
10521 5121 765 113 astonishment
11329 5145 113 94 at

8773 5235 170 66 uie
9024 5220 543 132 glutermg
9657 5230 666 113 decorations
10413 5249 340 113 which
10871 5263 213 104 had
11164 5268 265 109 been

8721 5372 109 66 *:
8868 5353 260 85 Kten
9227 5381 146 94 up
9468 5362 170 94 for
9751 5367 293 99 there
10134 5400 652 90 amusement
10876 5428 217 71 was
11187 5438 255 80 very

8726 5542 71 76 R
8854 5485 402 90 :easant
9350 5490 109 90 to
9553 5499 458 99 witness.
10209 5513 99 94 A
10403 5523 449 99 number
10928 5532 113 99 of
11126 5537 265 109 gifts

8731 5598 709 208 ^daythings,
9496 5631 250 132 etc.,
9798 5665 260 85 were
10143 5641 265 113 then
10498 5650 638 128 distributed
11225 5679 213 109 and

8764 5759 175 85 the
8986 5759 477 104 children
9515 5778 307 99 made
9865 5783 279 128 good
10191 5820 184 66 use
10422 5797 109 99 of
10578 5797 184 104 the
10809 5816 213 94 rest
11074 5816 113 99 of
11254 5820 184 104 the

8773 6019 52 66 a
8962 6019 104 66 iw
9156 6028 90 57 u
9340 6033 146 52 ok
9576 5906 586 118 Christmas
10205 5934 449 99 services
10687 5943 113 94 of
10847 5943 184 99 the
11088 5953 345 104 Union

8754 6043 132 85 A.
8953 6043 146 80 M.
9170 6043 109 85 E.
9340 6043 420 99 Church
9850 6052 180 99 the
10110 6061 340 99 music
10531 6099 208 71 was
10838 6080 331 104 under
11254 6090 180 99 the

8773 6146 487 109 brechon
9312 6165 113 94 of
9515 6170 392 109 Messrs
9954 6180 387 104 Powell
10394 6198 208 94 and
10687 6203 482 109 Gardner
11220 6222 208 99 and

8754 6298 416 99 iruett.
9312 6298 104 109 A
9529 6302 288 137 large
9940 6312 576 118 handsome
10611 6335 217 104 tree
10918 6373 217 76 was
11244 6350 184 104 the

8750 6435 359 99 centre
9151 6430 123 104 of
9345 6444 614 113 attraction.
10101 6463 151 99 At
10346 6463 175 104 the
10616 6477 605 109 conclusion
11310 6496 118 99 of

8750 6562 184 99 the
8981 6576 548 128 exercises,
9581 6586 265 128 gifts
9907 6591 246 104 with
10209 6595 175 109 the
10483 6638 359 80 names
10923 6624 506 109 attached

8759 6723 250 80 were
9128 6704 624 118 distributed
9874 6732 113 99 to
10129 6732 184 109 the
10441 6742 354 137 happy
10913 6761 463 113 scholars

8745 6846 425 94 bamuel
9217 6846 104 99 J.
9378 6850 387 104 Dicton
9813 6874 676 123 represented
10540 6879 331 113 Santa
10942 6893 321 109 Claus
11310 6912 109 94 to

8754 6978 165 90 the
8972 7002 661 94 amusement
9723 6997 118 99 of
9926 6997 180 109 the
10195 7006 515 113 children.
10852 7025 146 104 At
11079 7030 274 113 Mace-

8740 7115 317 99 donia
9156 7120 468 132 Church,
9728 7134 501 132 Camden,
10313 7148 137 104 N.
10531 7153 156 123 J.,
10743 7162 265 104 Rev.
11069 7167 165 104 W.
11291 7176 118 99 C.

8769 7266 472 99 leocom,
9302 7271 397 113 pastor,
9756 7266 184 99 the
10025 7276 581 109 Christmas
10658 7299 449 99 services
11154 7332 265 76 were

8735 7380 576 142 unusually
9359 7389 643 146 interesting.
10157 7413 151 99 At
10365 7417 293 104 10:35
10715 7422 293 113 there
11083 7469 213 76 was
11348 7479 61 76 a

8740 7521 279 123 large
9071 7540 751 118 congregation
9874 7554 222 113 out,
10153 7550 213 99 and
10413 7559 326 104 about
10824 7569 591 123 thirty-five

8735 7654 439 189 ^••day
9222 7663 387 104 School
9690 7672 477 104 children
10252 7715 269 71 were
10611 7701 109 94 in
10814 7696 184 104 the
11079 7706 326 104 choir.

8731 7786 146 99 At
9033 7819 61 66 p
9184 7819 113 80 m.
9354 7795 293 113 there
9685 7843 213 66 was
9987 7847 142 71 an
10219 7828 463 104 unnsual
10767 7843 454 104 number
11296 7857 113 99 at

8731 7923 175 94 tue
8953 7923 477 109 Sabbath
9477 7937 420 104 School.
9964 7951 321 99 Revs.
10346 7956 128 99 G.
10554 7965 118 94 C.
10734 7965 416 109 Waters
11197 7984 213 94 and

8726 8055 19 180 j
8792 8055 28 90 I
8844 8079 326 104 organ
9217 8088 265 76 were
9534 8083 458 123 present,
10049 8083 208 99 and
10309 8088 307 109 made
10663 8098 581 137 addresses,
11291 8145 113 76 as

8731 8187 61 99 d
8835 8187 66 104 d
8953 8187 269 142 also,,
9274 8197 255 109 Prof
9581 8206 420 113 Powell.
10153 8220 265 109 Rev.
10507 8230 128 104 G.
10734 8235 123 109 C.
10951 8244 411 109 Waters

8721 8329 113 99 of
8887 8334 312 99 Snow
9246 8334 265 128 Hill,
9567 8353 520 113 preached
10139 8386 194 71 one
10417 8367 113 99 of
10583 8372 156 94 his
10833 8386 255 94 soul'
11164 8395 189 94 stir-

8717 8490 241 99 rmg
9024 8494 515 85 sermons.
9680 8480 227 109 The
10002 8490 553 113 collection
10649 8509 170 104 for
10913 8513 184 104 the
11192 8523 208 109 dav

8721 8627 208 71 was
8972 8603 416 104 #56.17.
11334 8594 47 61 J

8849 8731 222 104 The
9118 8740 449 113 inmates
9619 8754 109 99 of
9822 8754 180 109 the
10082 8764 340 104 Home
10517 8773 170 99 for
10786 8783 293 118 Aged
11183 8792 213 104 and

8721 8863 487 137 IrHigant
9288 8877 439 109 Colored
9822 8887 454 113 Persons
10365 8910 113 94 at
10569 8901 496 123 Belmont
11178 8929 217 99 and

8712 9009 373 161 Gjrard
9161 9043 463 76 avenues
9699 9028 345 128 began
10139 9033 269 104 their
10512 9047 643 109 celebration
11277 9066 118 99 of

8712 9146 52 85 C
8802 9156 496 90 Kiistmas
9340 9151 231 132 Day
9619 9165 113 94 at
9765 9161 66 94 4
9879 9165 420 104 o’clock
10394 9175 104 99 in
10602 9184 184 104 the

8707 9274 128 94 Ai
8901 9279 236 99 that
9208 9279 269 109 hour
9567 9293 142 99 all
9803 9307 472 123 engaged
10365 9307 109 99 in
10569 9345 61 71 a
10720 9350 373 104 prayer
11173 9335 217 99 and

8707 9439 335 99 praise
9090 9420 506 132 meeting.
9737 9430 227 104 The
10016 9444 586 104 remainder
10696 9454 113 99 of
10904 9458 175 104 the
11173 9463 213 132 day

8712 9576 203 76 wts
8967 9567 312 113 spent
9317 9557 109 99 in
9477 9567 487 123 religious
10020 9576 449 109 services
10531 9586 213 104 and
10833 9595 109 99 in
11027 9609 359 113 eating

8707 9680 170 104 th»
8962 9685 581 113 Christmas
9643 9699 373 109 dinner
10091 9713 118 99 of
10276 9718 387 132 turkey
10753 9732 217 99 and
11041 9742 340 99 mince

8707 9822 194 123 pi».
8976 9822 146 99 At
9180 9831 298 99 10:30
9510 9831 454 137 o’clock,
10020 9874 66 71 a
10134 9879 411 76 sermon
10592 9888 213 76 was
10852 9865 524 113 delivered

8707 9954 161 132 bp
8896 9954 255 109 Rev.
9208 9964 487 137 Reading
9765 9973 132 104 V.
9997 9978 383 132 Johns,
10479 10030 66 66 a
10635 9997 742 132 Presbyterian

8702 10096 510 99 Munster.
9364 10101 581 109 Christmas
9978 10120 312 123 gifts,
10346 10124 350 128 cakes,
10772 10148 250 90 etc.,
11107 10176 269 71 were

8698 10252 307 104 given
9057 10233 109 99 to
9213 10228 175 109 the
9435 10238 454 113 inmates
9964 10252 137 137 by
10157 10252 180 113 the
10408 10247 605 156 managers.'
11145 10276 175 113 Fri-

8702 10365 203 128 day
8957 10398 213 76 was
9222 10389 156 85 set
9449 10394 307 118 apart
9855 10422 113 66 as
10063 10389 515 118 donation
10668 10408 208 132 day
10932 10417 165 99 for
11192 10422 180 104 the

8702 10507 685 104 institutions.
9539 10517 227 99 The
9869 10521 293 104 Civic
10257 10531 265 104 Club
10620 10545 501 109 tendered
11187 10559 184 99 the

8702 10635 99 99 la
8854 10639 170 104 Jes
9066 10644 118 94 of
9231 10639 534 132 Magnolia
9808 10663 666 104 Association
10512 10706 61 66 a
10606 10706 250 80 very
10890 10687 477 118 pleasant

8698 10795 529 104 reception
9279 10786 109 90 at
9439 10786 524 99 Eleventh
10020 10795 340 104 Street
10408 10805 250 99 Hall
10701 10791 132 118 oh
10876 10819 491 118 Tuesday

8698 10923 477 118 evening,
9231 10909 572 113 December
9879 10923 288 104 26th.
10313 10932 222 109 The
10597 10942 501 132 -banquet
11150 10989 213 76 was

8698 11074 57 66 a
8802 11046 383 128 superb
9236 11046 340 109 affair.
9723 11055 217 109 The
9987 11065 543 113 Hannibal
10578 11074 487 146 Literary
11117 11093 246 109 held

8693 11178 269 94 their
9009 11187 463 123 meeting
9520 11220 132 61 on
9704 11192 709 142 Wednesday,
10474 11211 572 113 December
11102 11230 260 99 27th

8693 11306 293 123 ins..,
9043 11320 109 99 at
9194 11320 274 99 their
9515 11320 250 109 Hall
9813 11362 142 71 on
10002 11329 539 118 Lombard
10635 11362 354 99 street.
11140 11362 222 113 The

8693 11485 208 66 exc-
8943 11457 321 109 rcises
9378 11466 534 109 consisted
10049 11480 118 94 of
10346 11485 529 132 choruses,
11003 11499 312 109 duets

8698 11598 628 113 quartettes,
9444 11598 435 128 reading
9987 11613 213 94 and
10309 11622 657 128 recitations,
11083 11641 279 99 after

8688 11717 345 104 which
9132 11754 61 76 a
9288 11721 378 109 debate
9761 11735 534 113 followed.
10446 11754 609 113 “Resolved
11126 11769 236 109 that

10668 11929 198 71 are.
10923 11906 487 109 e-auid.-.”.

8778 12009 208 71 ine
9028 11991 331 94 xadies
9406 11991 345 94 ofthe
9822 12014 66 71 u
9917 12000 250 90 mbn
10224 12000 420 123 Baptist
10691 12009 420 99 Ghurch
11164 12033 269 104 gave

8764 12156 66 66 a
8915 12118 340 132 grand
9335 12123 817 109 entertainment
10243 12161 137 71 on
10465 12132 180 109 the
10743 12142 449 132 evening
11320 12151 113 99 of

8764 12255 581 99 December
9387 12255 293 123 36th,
9742 12260 255 99 27th
10044 12265 217 99 and
10309 12269 288 99 28th.

8901 12387 156 99 On
9109 12383 387 137 Friday
9539 12387 180 104 the
9751 12392 392 104 annual
10181 12392 506 109 donation
10729 12411 109 94 at
10866 12402 180 109 the
11098 12406 335 109 Home

8769 12524 165 99 for
8981 12529 175 99 the
9203 12524 298 132 Aged
9553 12529 213 99 and
9817 12529 359 109 Infirm
10233 12534 246 104 took
10535 12543 331 123 place.
11013 12548 222 99 The
11282 12572 104 80 at-

8769 12657 510 99 tendance
9335 12690 208 66 was
9628 12666 283 123 large
9964 12671 194 90 and
10219 12671 180 94 the
10450 12680 775 94 contributions
11320 12690 118 90 of

8769 12822 416 104 money,
9279 12789 515 137 clothing,
9850 12798 213 104 and
10143 12813 628 99 necessaries
10828 12841 255 71 were
11121 12813 260 109 liber-

8773 12931 132 104 al.
9052 12935 222 99 The
9312 12935 600 99 institution
9964 12954 109 85 at
10157 12959 420 104 present
10668 12954 482 104 contains
11249 12959 184 99 113

8773 13068 477 113 inmates,
9317 13068 227 99 who
9595 13072 255 90 with
9888 13072 180 94 the
10120 13082 449 118 visitors,
10606 13082 444 99 listened
11102 13101 104 80 to
11258 13096 118 94 ad-

8773 13195 392 104 dresses
9217 13200 137 132 by
9406 13200 113 104 S.
9576 13200 118 104 P.
9751 13205 477 128 Godwin,
10285 13209 222 104 Mrs
10587 13209 123 104 F.
10795 13214 123 104 E.
11027 13219 411 137 Harper

8773 13337 208 99 and
9019 13337 392 104 others.
9562 13337 794 109 Contributions
10427 13384 175 66 are
10696 13375 109 80 at
10899 13356 142 99 all
11131 13365 302 94 times

8773 13474 647 132 acceptable.
9567 13474 397 137 Joseph
10016 13479 151 109 M.
10224 13483 605 137 Randolph,
10880 13493 213 104 late
11140 13493 236 109 chor-

8773 13616 246 99 ister
9066 13620 113 94 of
9241 13620 345 99 Union
9643 13620 132 94 A.
9831 13616 146 104 M.
10054 13620 132 104 E.
10285 13620 425 113 Church
10786 13663 213 71 was
11069 13635 364 109 buried

8773 13748 430 132 Sunday
9255 13753 184 94 the
9482 13757 236 90 31st
9765 13757 198 94 ult.
10115 13757 222 99 The
10389 13762 420 128 Quaker
10885 13767 241 132 City
11216 13776 165 94 Lit-

8773 13918 293 104 erary
9123 13894 213 99 met
9387 13890 104 99 in
9529 13890 279 104 their
9855 13890 402 132 parlors
10337 13932 137 71 on
10554 13899 524 132 Saturday
11131 13937 246 76 even-

8773 14031 180 123 ing
9009 14031 180 94 the
9227 14031 203 94 23d
9477 14036 298 113 inst.,
9831 14031 208 99 and
10087 14036 236 99 h<?ld
10413 14079 61 61 a
10521 14074 250 99 very
10819 14046 619 132 interesting

8773 14164 491 123 meeting.
9416 14164 222 94 The
9685 14164 600 123 gentlemen
10318 14178 553 118 presented
10899 14187 246 90 each
11192 14183 241 128 lady

8783 14291 241 104 with
9099 14324 61 76 a
9236 14291 581 109 Christmas
9874 14301 288 104 card.
10309 14310 146 99 At
10521 14310 180 99 the
10795 14310 638 104 Crucifixion

8778 14433 118 99 P.
8948 14433 128 99 E.
9137 14433 463 128 Church,
9638 14438 274 99 after
9945 14438 184 99 the
10157 14438 576 109 Christmas
10776 14452 444 99 services
11263 14452 175 99 the

8778 14570 742 132 congregation
9576 14575 553 128 presented
10176 14580 184 99 the
10446 14580 425 128 Rector,
10975 14584 227 104 Rev
11296 14589 137 99 H.

8778 14702 123 104 L.
8953 14702 487 132 Phillips,
9496 14712 246 99 with
9794 14750 61 61 a
9921 14712 288 132 large
10290 14726 208 94 and
10597 14721 515 104 beautiful
11206 14759 175 94 por-

8778 14844 250 94 trait
9076 14849 118 94 of
9241 14844 425 99 himself
9718 14877 113 66 as
9902 14877 61 66 a
10006 14849 317 99 token
10375 14854 109 104 of
10540 14854 269 94 their
10904 14858 236 99 love
11235 14863 203 94 and

8773 14976 751 132 appreciation.
9676 14976 104 104 It
9822 14976 90 104 is
9964 15014 61 66 a
10087 14981 317 132 finely
10455 14991 501 99 executed
11055 15024 383 99 crayon

8773 15113 137 132 by
8962 15113 128 104 A.
9142 15109 123 109 B.
9321 15118 435 99 Stedum
9808 15146 198 76 one
10087 15123 113 99 of
10294 15156 189 66 our
10578 15161 359 94 young
11027 15132 411 104 colored

8773 15255 397 90 artists.
9317 15246 378 104 Bethel
9742 15255 487 128 Literary
10299 15260 241 99 held
10611 15293 132 66 an
10814 15269 557 123 Emancipa-

8773 15383 217 99 tion
9043 15383 770 104 Proclamation
9893 15392 449 128 meeting
10422 15392 255 99 with
10767 15402 671 128 appropriate

8773 15524 628 104 ceremonies
9430 15557 137 66 on
9619 15524 482 132 Tuesday
10153 15529 491 137 evening.
10786 15534 369 104 Misses
11187 15539 189 99 Net-

8773 15666 137 94 tie
8962 15661 444 99 Stewart
9463 15666 208 99 and
9723 15661 402 104 Fannie
10167 15666 496 137 Ramsey,
10753 15685 208 85 two
11031 15704 340 76 accom-

8778 15794 406 128 plished
9231 15827 354 94 young
9638 15798 364 123 ladies,
10054 15831 175 66 are
10266 15803 647 132 conducting
10937 15841 250 94 very
11216 15841 170 71 suc-

8773 15931 506 132 cessfully
9317 15964 61 66 a
9439 15926 761 137 Kindergarten
10257 15935 350 104 school
10663 15954 113 90 at
10838 15945 180 99 the
11065 15940 302 109 Work-

8769 16063 510 132 ingmens’
9340 16068 307 104 Club.
10096 16068 146 109 H.
10318 16072 326 104 Price
10706 16072 595 113 Williams.

10224 16417 463 76 Letter.

8906 16545 449 128 Boston,
9416 16550 213 104 Dec
9723 16554 822 104 3.—Christmas
10616 16554 283 104 week
10942 16554 189 104 has
11178 16559 265 104 been

8778 16687 298 99 made
9123 16682 411 132 joicous
9586 16691 137 123 by
9756 16691 723 99 eventswhich
10521 16691 269 99 have
10852 16696 591 128 gladdened

8773 16819 180 94 the
9009 16819 345 99 hearts
9406 16824 109 94 of
9567 16824 180 99 the
9789 16824 335 99 lovers
10176 16828 109 94 of
10342 16838 732 85 amusements.
11131 16833 236 94 Wed-

8778 16946 307 142 dings
9175 16956 208 99 and
9463 16961 411 128 private
9997 16961 383 132 parties
10488 16956 274 104 have
10876 16961 255 99 been
11268 16965 170 104 the

8778 17093 298 104 order
9142 17098 113 94 of
9298 17098 180 99 the
9529 17098 246 128 day.
9926 17093 194 109 We
10195 17131 265 71 were
10554 17098 335 104 called
10989 17135 288 99 upon
11334 17117 104 94 to

8778 17244 350 104 report
9175 17235 184 99 the
9454 17239 510 123 marriage
10039 17244 109 90 of
10219 17239 222 99 Mrs
10540 17235 298 132 Mary
10942 17239 496 104 Brothers

8778 17372 109 90 to
8929 17362 279 104 Chas
9307 17367 491 123 Dunsett,
9855 17376 165 94 for
10072 17400 317 99 many
10474 17400 293 99 years
10861 17376 572 94 coachman

8773 17504 104 99 to
8934 17499 165 104 Mr
9142 17504 444 128 Jordan,
9643 17509 118 99 of
9841 17504 175 109 the
10068 17509 236 99 firm
10361 17509 113 104 of
10564 17504 444 132 Jordan,
11065 17509 364 109 Marsh

8773 17646 85 94 &
8910 17641 180 104 Co.
9241 17646 222 99 The
9553 17646 515 132 marriage
10157 17679 553 99 ceremony
10781 17655 496 99 occurred
11329 17665 113 90 at

8778 17778 175 94 the
9005 17778 534 99 residence
9609 17783 113 94 of
9798 17783 165 94 Mr
10044 17783 487 99 Hetrick,
10587 17816 132 61 on
10772 17783 666 132 Wednesday

8778 17915 482 123 evening,
9312 17910 576 104 December
9931 17915 165 123 27,
10172 17924 109 90 at
10332 17915 57 99 8
10441 17943 94 71 p.
10597 17943 156 94 m.,
10791 17915 274 99 after
11102 17920 326 99 which

8778 18085 61 61 a
8934 18047 529 132 reception
9562 18080 213 76 was
9879 18052 241 104 held
10238 18061 113 94 at
10446 18052 175 104 the
10720 18057 524 99 residence
11329 18057 109 104 of

8778 18180 307 132 Mary
9123 18189 567 113 Johnston,
9732 18222 137 61 on
9917 18189 392 128 Spring
10351 18198 359 90 street.
10762 18189 161 99 Mr
10970 18184 463 109 Bantum

8787 18317 298 99 acted
9128 18350 113 66 as
9288 18326 392 94 master
9728 18326 118 90 of
9940 18321 666 99 ceremonies.
10748 18326 94 94 A
10890 18321 288 128 large
11230 18326 203 99 and

8787 18449 496 132 plentiful
9331 18477 354 99 repast
9789 18482 203 71 was
10087 18454 557 104 furnished
10691 18458 104 94 to
10885 18454 180 99 the
11154 18458 283 132 large

8778 18614 520 99 company
9345 18600 463 113 present,
9865 18591 236 90 who
10143 18591 454 94 testified
10639 18600 113 85 to
10805 18591 180 94 the
11069 18619 307 99 appre-

8778 18723 387 99 ciation
9217 18723 113 99 of
9416 18723 217 99 this
9713 18723 416 132 worthy
10176 18718 411 137 couple^
10639 18723 137 132 by
10833 18728 605 128 presenting

8787 18860 279 99 them
9123 18860 250 99 with
9444 18893 317 94 many
9822 18860 472 99 valuable
10342 18860 298 128 gifts.

8910 18997 90 94 A
9061 18992 283 128 large
9397 18992 709 128 appreciative
10153 18992 501 99 audience
10691 18992 581 99 assembled
11329 19002 104 90 at

8787 19129 392 109 Parker
9231 19129 534 104 Memorial
9822 19129 283 128 Hall,
10181 19162 137 71 on
10370 19124 595 137 Thursday,
11017 19124 350 109 Decem-

8783 19271 184 94 ber
9061 19271 288 118 28th,
9454 19290 109 76 to
9652 19271 302 99 listen
10054 19280 113 90 to
10257 19271 175 94 the
10526 19271 397 99 lecture
11041 19304 137 61 on
11258 19271 180 94 the

8787 19398 614 104 “Demands
9472 19403 118 99 of
9709 19403 175 99 the
9935 19403 557 118 Present,”
10587 19403 132 128 by
10762 19398 128 104 T.
10975 19403 458 99 Thomas

8787 19535 506 128 Fortune,
9472 19535 293 137 Esq.,
9954 19540 213 104 and
10398 19545 109 94 to
10720 19535 246 104 hear
11102 19569 279 66 sever-

8787 19677 94 99 al
9052 19677 113 99 of
9335 19710 194 66 our
9723 19677 463 99 eminent
10323 19672 435 104 musical
10894 19672 534 99 vocalists.

8787 19814 255 104 Miss
9123 19809 397 109 Estelle
9614 19809 539 137 Pinckney
10200 19809 406 137 opened
10696 19809 142 137 by
10890 19809 548 132 rendering

8787 19989 57 57 a
8896 19956 312 113 piano
9298 19956 265 94 solo.
9780 19956 170 94 Mr
10039 19956 283 94 John
10394 19951 562 94 Ransom’s
11027 19951 411 118 singing

8787 20112 208 71 was
9113 20083 231 99 well
9468 20083 524 128 received;
10162 20079 255 109 Miss
10531 20079 302 99 Sadie
10975 20079 463 94 Wardell

8787 20220 420 104 showed
9265 20220 435 104 marked
9751 20220 761 137 improvement
10573 20216 213 109 and
10833 20211 600 109 astonished

8787 20362 180 94 her
9000 20362 529 123 auditors;
9591 20357 165 99 Mr
9808 20362 274 94 Fred
10129 20357 350 99 White
10512 20357 761 123 accompanist,
11324 20386 113 66 as

8787 20490 345 123 usual,
9189 20523 213 71 was
9468 20490 312 137 good.
9973 20494 312 94 After
10361 20490 184 99 the
10639 20504 416 85 concert
11126 20480 307 99 Lieut

8783 20631 359 104 James
9189 20636 425 99 Trotter
9704 20631 439 132 stepped
10219 20660 137 71 on
10450 20631 180 104 the
10682 20622 501 137 platform
11235 20622 208 104 and

8787 20769 109 99 in
8962 20802 57 66 a
9066 20769 208 99 few
9321 20773 397 94 chosen
9765 20773 331 94 words
10148 20769 548 123 presented
10767 20778 109 85 to
10923 20759 180 99 the
11150 20759 231 99 audi-

8787 20934 250 71 ence
9090 20901 184 109 the
9321 20901 340 109 editor
9704 20901 113 104 of
9865 20901 236 104 The
10134 20901 406 104 Globe.
10668 20901 165 99 Mr
10880 20891 562 109 Fortune’s

8792 21038 472 104 remarks
9364 21076 260 71 were
9671 21033 231 109 well
9950 21038 326 109 timed
10328 21038 213 104 and
10630 21047 113 94 to
10833 21038 180 99 the
11102 21038 340 128 point,

8797 21180 203 104 and
9047 21180 652 104 entertained
9789 21213 288 66 some
10167 21175 628 104 wholesome
10866 21175 364 99 advice
11296 21203 104 71 re-

8797 21331 279 90 ative
9109 21335 113 85 to
9307 21321 180 99 the
9562 21321 501 99 situation
10157 21317 109 99 of
10342 21345 189 76 our
10620 21345 274 71 race.
11036 21312 161 99 He
11239 21340 213 71 was

8802 21449 444 99 listened
9340 21458 109 90 to
9548 21449 619 123 attentively
10266 21449 208 99 and
10569 21444 213 128 hisj
10828 21449 312 94 effort
11197 21472 255 71 were

8797 21581 359 132 highly
9208 21581 704 132 appreciated.
10039 21581 222 99 The
10299 21609 411 71 success
10762 21581 113 99 of
10923 21581 184 94 the
11145 21576 307 99 affair

8797 21723 80 99 is
8962 21723 392 123 mainly
9449 21723 203 99 due
9742 21732 109 90 to
9973 21713 175 104 the
10266 21713 454 104 efficient
10857 21713 595 104 committee

8806 21855 227 94 who
9085 21855 520 94 managed
9680 21855 175 94 the
9907 21855 340 94 affair.

8924 21992 94 99 A
9094 21987 283 132 large
9430 21987 213 104 and
9690 21983 661 109 fashionable
10422 21983 562 132 gathering
11074 22011 321 71 assem-

8806 22124 236 104 bled
9142 22148 113 80 at
9354 22129 180 94 the
9671 22124 529 99 residence
10365 22124 109 99 of
10616 22120 170 104 Mr
10909 22120 203 104 and
11239 22120 222 99 Mrs

8797 22261 420 128 Ridley,
9317 22261 128 94 23
9562 22252 742 132 Buckingham
10375 22266 359 113 street,
10833 22285 132 66 on
11065 22252 392 113 Friday

8797 22403 482 123 evening,
9335 22398 576 94 December
9954 22398 293 118 27th,
10332 22398 170 94 the
10578 22394 477 99 occasion
11150 22389 312 123 being

8802 22569 57 61 a
8906 22535 534 123 reception
9487 22531 501 94 renderea
10044 22535 104 90 to
10219 22526 128 104 T.
10394 22526 458 99 Thomas
10946 22526 506 113 Fortune,

8797 22668 165 99 edi
9014 22701 118 66 or
9175 22668 118 99 of
9340 22663 236 104 The
9614 22663 406 104 Globe.
10101 22658 222 104 The
10356 22668 482 128 spacious
10890 22658 406 132 parlors
11343 22654 118 99 of

8802 22809 175 99 the
9024 22809 241 99 host
9317 22805 213 104 and
9576 22800 416 104 hostess
10044 22833 265 71 were
10351 22800 293 104 filled
10729 22814 113 90 to
10923 22795 482 104 overflow-

8797 22946 189 132 ing
9033 22946 137 132 by
9246 22946 184 99 the
9524 22942 529 104 animated
10143 22970 520 104 company
10757 22937 236 99 who
11083 22932 378 132 graced

8802 23088 180 104 the
9033 23088 482 104 occasion
9567 23088 137 132 by
9756 23079 269 109 their
10072 23112 529 109 presence.
10701 23079 307 109 Some
11055 23079 250 132 fifty
11357 23069 104 104 of

11641 2717 194 71 our
11877 2698 600 123 prominent
12515 2740 435 94 persons
12987 2712 317 132 being
13337 2745 458 109 present.
13876 2726 449 109 Musical

11641 2825 557 104 selections
12241 2839 501 104 rendered
12784 2844 109 99 in
12945 2849 208 104 fine
13200 2854 274 132 style
13521 2854 142 137 by
13715 2858 222 104 Mrs
13984 2868 340 104 Nellie

11641 2953 378 109 Brown
12071 2967 529 132 Mitchell,
12652 2976 260 109 Miss
13006 2986 128 104 L.
13228 2991 524 142 Downing
13852 3000 208 104 and
14159 3005 165 104 Mr

11636 3090 340 109 Lewis
12071 3109 128 104 A.
12302 3109 406 137 Fisher,
12789 3123 118 99 of
12997 3113 444 123 Boston.
13587 3137 99 104 A
13781 3132 539 113 bountiful

11631 3236 501 109 collation
12255 3279 213 76 was
12562 3255 591 132 furnished,
13257 3274 184 104 the
13512 3274 345 104 tables
13984 3279 321 142 fairly

11627 3378 463 123 groaned
12142 3387 250 104 with
12444 3392 180 104 the
12671 3397 392 137 weight
13143 3406 118 104 of
13351 3411 184 99 the
13630 3411 369 109 choice
14093 3439 170 90 eat-

11631 3510 331 109 ables.
12109 3520 487 137 Dancing
12690 3567 213 71 was
13011 3539 510 137 indulged
13611 3553 113 99 in
13800 3557 274 99 until
14131 3562 184 99 the

11631 3676 208 76 wee
11877 3657 307 99 small
12231 3657 354 128 hours,
12666 3666 312 109 when
13058 3680 180 99 the
13332 3694 364 123 guests
13795 3690 137 128 d?
13942 3746 132 76 nl
14079 3699 231 128 jted

11627 3789 231 99 well
11910 3794 425 128 pleased
12387 3808 255 99 with
12699 3813 175 99 the
12926 3817 364 99 efforts
13337 3822 113 99 of
13540 3784 454 165 Mr^W
14022 3831 288 128 n.Mt

11627 3921 416 132 Ridley,
12104 3931 236 104 who
12392 3945 392 123 proved
12841 3945 633 113 themselves
13512 3964 265 99 chnd
13828 3992 165 76 Em
14008 4011 90 66 ot
14107 3940 33 137 i
14187 4002 57 85 n-

11622 4058 600 109 tertainers.
13635 4120 109 57 en
13795 4110 340 90 invited
14187 4143 33 85 <

11754 4195 156 104 On
12009 4200 567 142 Saturday,
12633 4214 222 109 Dec
12893 4219 165 128 SO,
13115 4224 170 109 Mr
13361 4228 472 113 Fortune
13913 4233 387 118 waited

11622 4361 132 71 on
11854 4332 515 113 Collector
12420 4351 789 137 Worthington,
13280 4370 213 104 and
13587 4375 208 104 had
13894 4417 61 66 a
14055 4384 246 128 long

11617 4465 231 99 talk
11929 4507 128 66 on
12151 4507 661 104 newspapers
12931 4498 213 99 and
13266 4531 633 104 newspaper
14008 4550 236 71 men

11613 4597 165 99 lie
11825 4611 250 90 next
12132 4616 387 99 visited
12567 4620 477 109 Wendell
13087 4630 491 137 Phillips,
13635 4639 317 137 Esq.,
13998 4649 288 104 Hon.

11613 4734 317 99 Chas.
11986 4734 161 109 W.
12208 4743 354 137 Slack,
12619 4757 213 99 and
12874 4762 142 104 all
13054 4767 113 99 of
13261 4800 194 76 our
13545 4776 359 123 places
13961 4786 113 104 of
14140 4791 104 99 in-

11613 4876 321 104 terest
12033 4880 104 104 in
12255 4885 213 104 this
12562 4899 250 132 city.
13030 4899 203 113 Mr.
13342 4909 468 113 Fortune
13890 4932 406 104 carried

11613 5041 137 66 an
11778 5046 132 94 ay
11962 5022 246 94 with
12265 5022 222 104 him
12534 5065 61 66 a
12647 5031 255 132 high
12954 5046 425 123 opinion
13431 5055 118 94 of
13597 5050 647 113 Bostonians

11613 5145 208 99 and
11863 5178 90 66 W
11962 5178 57 71 e
12066 5169 283 90 must
12387 5164 335 99 thank
12775 5173 184 94 the
13006 5173 331 109 Edies
13389 5187 236 99 who
13706 5187 194 109 has
13984 5206 302 99 made

11608 5277 213 109 this
11891 5287 165 99 his
12109 5291 227 104 first
12387 5301 236 99 visit
12676 5310 109 99 to
12836 5343 194 71 our
13077 5324 213 128 city
13337 5353 118 71 so
13502 5324 510 128 pleasant.

11740 5419 170 94 Mr
11995 5428 137 90 U.
12175 5433 132 94 A.
12364 5433 378 128 Ridley
12794 5447 208 94 and
13068 5452 302 94 sister
13417 5457 213 99 will
13677 5490 255 71 soon
13989 5471 302 99 Lave

11608 5546 170 94 for
11868 5551 534 128 Augusta,
12501 5565 241 128 Ga.,
12865 5580 109 94 to
13058 5584 369 99 attend
13521 5584 184 104 the
13800 5594 487 132 wedding

11608 5688 633 109 ceremonies
12288 5698 113 109 of
12454 5698 269 113 their
12770 5712 335 118 sister,
13162 5721 231 104 who
13465 5721 90 109 it
13602 5731 90 104 is
13781 5745 496 104 rumored

11608 5830 208 99 will
11868 5863 350 99 marry
12279 5872 61 66 a
12439 5854 600 118 prominent
13077 5863 506 99 southern
13635 5877 600 123 gentleman

11603 5962 227 94 The
11877 5967 307 99 cards
12250 5972 170 104 for
12501 5981 184 104 the
12751 5986 657 113 Fraternal’s
13488 6005 312 104 affair
13866 6043 137 66 on
14102 6019 175 99 the

11603 6104 184 85 oth
11839 6104 269 94 have
12165 6109 298 99 made
12515 6118 274 99 their
12869 6156 704 94 appearance.
13710 6142 231 104 The
13994 6156 288 109 price

11598 6227 118 94 of
11806 6236 387 94 tickets
12274 6241 90 94 is
12449 6236 165 109 $3.
12827 6250 567 109 Germania
13483 6265 539 109 orchestra
14107 6283 175 99 for

11603 6359 175 94 the
11830 6364 529 132 occasion,
12411 6378 213 99 and
12666 6378 463 146 judging
13219 6397 279 104 from
13592 6397 180 109 the
13852 6439 359 104 prepar-

11598 6501 288 94 ation
11934 6501 345 109 which
12331 6510 90 99 is
12472 6515 312 137 being
12836 6529 298 104 made
13186 6534 142 132 by
13380 6534 180 104 the
13654 6539 326 109 ladies
14065 6557 213 99 and

11589 6633 609 123 gentlemen
12250 6643 246 109 here
12543 6657 80 99 it
12718 6657 213 109 will
13016 6666 128 104 be
13238 6671 180 109 the
13498 6676 302 109 affair
13880 6690 118 99 of
14088 6690 184 104 the

11594 6798 406 76 season.

11726 6907 222 104 The
12000 6917 378 128 Sparta
12472 6921 269 109 Club
12827 6940 113 94 of
13054 6940 213 104 this
13365 6950 213 123 city
13663 6983 265 99 gave
13998 6959 274 104 their

11589 7044 231 99 first
11872 7054 369 128 soiree,
12298 7063 109 94 at
12454 7058 180 109 the
12676 7068 524 113 residence
13233 7082 113 104 of
13384 7082 274 113 their
13696 7091 567 132 president,

11589 7176 236 104 Wm
11920 7186 246 104 Lee.
12312 7195 231 104 The
12638 7209 302 99 affair
12987 7243 213 71 was
13247 7252 255 94 very
13550 7228 562 123 enjoyable
14154 7252 109 85 to

11589 7318 180 90 the
11816 7323 515 99 members
12420 7332 213 99 and
12728 7337 269 104 their
13082 7361 406 113 guests,
13540 7356 213 99 and
13824 7361 184 104 the
14055 7365 156 99 fes-

11584 7446 354 109 tivites
12052 7455 340 109 lasted
12487 7469 274 104 until
12865 7474 180 109 the
13162 7488 302 109 small
13587 7488 354 113 hours.
14088 7498 175 113 Mr

11584 7583 335 104 Lewis
11967 7597 132 94 A.
12156 7597 378 104 Fisher
12605 7611 506 104 rendered
13200 7630 397 99 several
13701 7635 557 109 selections

11584 7720 113 90 of
11740 7739 354 113 songs,
12151 7724 170 104 Mr
12373 7729 123 104 P.
12553 7734 123 104 T.
12732 7739 373 128 Finley
13162 7757 506 109 rendered
13757 7795 61 71 a
13890 7786 369 90 cornet

11580 7857 222 94 solo
11839 7885 113 71 m
12000 7861 397 104 artistic
12468 7876 307 132 style.

11712 7989 142 94 At
11910 7994 175 99 the
12137 8003 524 99 residence
12709 8017 118 90 of
12874 8017 123 94 C.
13063 8017 435 137 Stanley
13573 8031 402 123 Ruffin,
14031 8069 213 71 was

11570 8145 317 99 given
11934 8121 392 142 Friday
12373 8140 482 137 evening,
12912 8145 217 109 Dec
13228 8154 293 132 29th,
13564 8197 61 71 a
13710 8173 534 128 reception

11584 8258 713 128 bytheG.K.
12397 8272 132 104 G.
12643 8277 302 132 Club,
13044 8301 109 90 to
13252 8296 180 104 the
13526 8334 359 99 young
13918 8310 335 109 ladies

11575 8409 435 113 visiting
12057 8400 439 137 Boston,
12609 8419 274 99 from
12969 8419 624 142 Worcester,
13696 8438 506 128 Newport

11575 8523 255 104 New
11929 8532 501 137 Bedford,
12534 8551 213 99 and
12808 8551 383 137 Dover,
13266 8565 142 104 N.
13465 8575 137 99 H.
13757 8575 487 132 Dancing

11575 8674 666 99 commenced
12288 8688 109 90 at
12468 8683 61 99 8
12576 8683 411 109 o’clock
13044 8698 213 104 and
13299 8712 576 99 continued
13928 8717 161 104 till
14140 8721 94 113 9,

11575 8802 298 94 when
11934 8830 387 104 supper
12373 8844 208 76 was
12628 8830 369 99 served
13044 8835 142 132 by
13238 8839 288 104 Reed
13578 8844 175 99 the
13800 8863 435 94 caterer.

11584 8943 208 90 Ihe
11844 8943 454 123 dancing
12397 8967 671 99 commenced
13153 8972 713 142 immediately
13961 8991 283 99 after

11570 9076 184 90 the
11825 9076 501 99 collation
12402 9090 213 99 and
12713 9099 572 109 continued
13375 9113 454 104 without
13923 9123 260 104 inter-

11565 9227 430 80 mission
12052 9213 269 99 until
12373 9217 57 99 2
12482 9222 449 128 o’clock,
12987 9241 302 99 when
13384 9246 180 99 the
13658 9250 326 104 ladies
14060 9260 118 99 de-

11565 9340 373 118 parted
11995 9345 227 99 well
12274 9354 420 128 pleased
12742 9369 246 99 with
13039 9373 170 99 the
13261 9383 520 104 excellent
13852 9397 373 118 music,

11565 9477 553 104 furnished
12170 9482 137 118 by
12345 9487 416 109 Morris’
12813 9501 581 118 orchestra.

11693 9605 246 109 Wm
11991 9614 454 137 Walker,
12506 9628 302 137 Esq.,
12855 9647 463 128 recently
13365 9652 123 99 of
13535 9657 231 99 -the
13819 9657 354 109 Callen-

11556 9751 222 109 der,
11835 9751 449 128 Georgia
12378 9761 633 132 Minsterels,
13063 9780 194 99 has
13351 9789 416 99 arrived
13857 9794 109 99 in
14046 9798 184 99 the

11556 9883 208 128 city
11811 9883 213 104 and
12066 9888 90 99 is
12203 9898 113 94 to
12364 9898 128 99 be
12539 9907 444 104 married
13035 9940 255 80 soon
13384 9931 104 94 to
13583 9954 203 76 one
13828 9931 118 99 of
14041 9964 189 76 our

11551 10020 581 132 promising
12184 10063 359 99 youug
12586 10039 364 104 ladies.

11683 10148 439 137 Stokely
12170 10162 487 104 Johnson
12704 10181 411 99 arrived
13167 10181 307 109 home
13521 10195 279 94 from
13857 10200 302 99 Wash-

11551 10290 406 132 ington,
12009 10290 132 109 D.
12208 10294 529 128 C.*iuuch
12827 10313 548 142 improved
13441 10323 104 109 in
13602 10323 359 118 health
14013 10342 213 104 and

11551 10431 397 123 spirits.
12213 10446 33 80 i

11683 10559 402 109 Parties
12118 10569 468 132 desiring
12633 10587 104 90 to
12784 10587 543 109 subscribe
13380 10597 165 104 for
13597 10602 180 99 the
13852 10606 369 104 Globe

11551 10696 203 99 win
11811 10701 439 109 addeess
12312 10710 118 99 J.
12506 10715 128 99 D.
12694 10715 425 132 Powell,
13176 10729 364 123 Jr.,P.
13592 10734 170 123 0.,
13819 10734 402 113 Boston

11542 10828 128 90 82
11721 10833 180 94 oth
11957 10843 354 99 street.
12397 10843 482 137 Chelsea;
12931 10857 213 99 and
13219 10861 402 104 Master
13654 10871 335 99 Jacob
14041 10876 170 99 W.

11542 10956 425 128 Powell,
12085 10970 61 99 5
12265 10975 600 113 Anderston
12978 10989 345 132 street,
13389 10998 435 109 Boston.
14036 11008 180 104 All

11542 11098 354 104 orders
11953 11107 208 104 will
12250 11112 128 99 be
12472 11121 539 132 promptly
13063 11140 501 99 attended
13611 11154 151 90 to.

11669 11235 161 94 On
11901 11239 260 99 New
12236 11244 378 104 Year’s
12666 11254 231 132 Day
12978 11263 180 94 the
13252 11268 307 99 home
13630 11277 113 94 of
13833 11272 378 109 Misses

11537 11367 449 137 Clayton
12038 11405 208 80 was
12378 11386 302 104 made
12775 11395 354 132 quitea
13162 11400 383 109 festive
13710 11419 482 99 occasion

11532 11509 165 99 for
11792 11518 184 99 toe
12066 11523 534 128 reception
12685 11532 113 99 of
12912 11542 638 123 gentlemen.
13696 11551 288 128 They
14050 11589 104 66 re-

11532 11641 359 99 ceived
11967 11650 288 123 quite
12298 11688 57 61 a
12402 11665 449 94 number
12898 11674 118 90 of
13106 11674 293 99 calls.
13550 11679 317 118 Their
13918 11688 283 99 table

11532 11802 213 76 was
11797 11773 657 146 bountifully
12529 11797 482 132 supplied
13063 11806 255 104 with
13375 11806 156 113 ths
13644 11806 553 118 delicacies

11698 11910 175 104 the
11943 11943 364 71 season
12444 11929 595 128 ditmluying
13087 11943 293 76 rmUa
13446 11910 175 146 h<u

11608 12033 416 104 spreau.
12146 12033 354 118 Along
12553 12033 255 85 with
12841 12033 180 90 the
13072 12033 373 99 Misses
13488 12033 255 132 Clay
13753 12038 189 104 toil
13994 12071 260 71 were

11613 12146 170 99 the
11835 12146 373 104 Misses
12255 12151 652 137 Thompson,
12987 12165 113 99 of
13205 12165 628 137 Neversink,
13876 12175 146 113 N,
14079 12175 184 132 Y.,

11608 12279 260 99 Miss
11957 12283 397 104 Minnie
12468 12293 444 118 Wilson,
12992 12298 260 99 Miss
13375 12279 180 156 M.
13620 12345 61 90 y
13800 12312 454 104 NorrelL

11608 12411 222 104 The
11868 12416 288 104 dress
12208 12420 113 104 of
12416 12420 180 104 the
12709 12425 335 109 ladies
13096 12463 208 71 was
13403 12463 260 109 very
13701 12439 567 132 elaborate,

11608 12553 439 132 making
12099 12557 288 104 them
12439 12567 548 132 charming
13058 12572 265 104 little
13370 12576 529 109 fairesses.
13980 12581 293 137 They

11613 12694 472 94 received
12123 12699 326 90 about
12487 12699 194 94 200
12732 12704 298 94 calls.

13668 12846 109 99 J.
13833 12846 132 99 D.
14017 12841 118 109 P.

11613 13157 345 118 THE
12123 13162 321 118 SEA
12609 13167 633 123 ISLAND
13431 13181 831 118 NEGIIOES.

11613 13417 94 80 A
11783 13422 529 80 Tribute
12387 13431 132 76 to
12609 13427 213 80 the
12931 13436 435 76 Worth
13460 13441 142 76 of
13715 13446 364 80 Some
14154 13446 137 85 of

12213 13564 397 80 Their
12666 13564 378 99 Early
13120 13573 567 85 Friends.

11740 13691 156 104 To
11995 13696 227 104 The
12321 13701 420 104 Editor
12831 13739 123 66 of
13039 13739 203 71 the
13342 13715 402 104 Glore.
13894 13724 47 99 I
14017 13724 265 104 have

11608 13828 227 128 just
11872 13833 246 99 read
12175 13838 66 43 “
12288 13838 227 99 The
12595 13843 524 99 Southern
13172 13847 1110 118 Problem—Material

11613 13965 491 137 Progress
12151 13975 118 99 of
12312 13970 184 104 the
12548 13975 198 104 Sea
12789 13975 369 109 Island
13205 13984 576 137 Negroes,”
13838 13998 113 94 in
13998 14031 283 99 your,

11608 14102 279 99 issue
11934 14112 118 90 of
12123 14112 213 94 Dee
12383 14117 236 118 23d,
12699 14121 463 99 credited
13209 14140 109 80 to
13370 14131 175 94 the
13644 14131 255 99 New
13984 14135 298 99 York

11617 14239 260 94 Sun.
11962 14235 425 137 Having
12425 14272 283 71 some
12756 14249 765 128 acquaintance
13559 14258 246 99 with
13861 14263 180 99 the
14093 14268 189 99 Sea

11613 14367 449 132 Islands,
12184 14381 246 118 and,
12487 14381 85 99 if
12643 14381 47 99 1
12732 14381 444 109 mistake
13261 14400 180 90 not
13493 14400 208 94 met
13776 14400 283 99 there
14112 14405 170 99 the

11613 14509 383 99 author
12043 14513 113 94 of
12198 14523 231 90 that
12482 14528 926 123 communication,
13441 14532 52 99 1
13545 14565 170 66 am
13753 14537 118 99 of
13918 14570 364 71 course

11613 14646 317 99 much
11986 14646 557 109 interested
12619 14655 109 99 in
12798 14660 113 99 it.

11745 14783 317 99 From
12146 14820 175 94 my
12373 14792 718 104 observations
13157 14802 104 94 in
13318 14802 175 99 the
13569 14811 312 94 south
13923 14811 52 94 I
14017 14811 269 104 have

11613 14915 250 123 long
11910 14915 430 99 deemed
12378 14924 123 94 St
12553 14924 491 104 Helena’s
13101 14934 175 99 the
13318 14939 406 109 earthly
13795 14943 482 123 paradise

11613 15047 113 109 of
11797 15052 180 104 the
12024 15057 572 123 freedmen,
12633 15057 430 109 andean
13110 15066 435 104 confirm
13630 15071 161 104 his
13828 15071 397 142 descrip-

11613 15189 222 99 tion
11887 15194 118 94 of
12071 15198 137 90 its
12307 15203 591 123 prosperity
12945 15231 151 99 up
13191 15217 109 85 to
13342 15213 175 99 the
13606 15213 250 99 time
13928 15217 113 94 of
14107 15255 175 90 my

11617 15321 241 99 visit
11957 15335 293 90 there
12345 15331 104 94 in
12534 15331 293 99 1877.
12983 15331 217 104 But
13247 15340 298 99 when
13606 15345 123 99 he
13767 15350 331 94 closes
14140 15354 137 123 by

11613 15458 406 132 saying:
12128 15463 66 47 “
12255 15463 255 104 This
12633 15468 85 99 is
12789 15501 61 66 a
12921 15472 472 104 truthful
13507 15482 293 132 story
13918 15482 109 99 of
14098 15482 180 104 the

11617 15600 472 99 material
12170 15633 482 99 progress
12699 15605 288 109 these
13077 15614 364 132 people
13488 15614 265 104 have
13795 15624 298 99 made
14140 15657 132 71 on

11617 15765 128 66 an
11797 15737 345 99 island
12175 15737 335 99 where
12562 15746 246 123 they
12855 15742 269 104 have
13162 15765 184 80 not
13398 15751 208 99 had
13654 15756 180 99 the
13866 15765 364 94 so-call-

11617 15869 123 94 ed
11797 15869 444 99 benefits
12312 15879 113 90 of
12496 15879 619 99 association
13191 15879 250 99 with
13540 15883 175 104 the
13809 15893 468 128 superior

11622 16002 307 104 while
12024 16011 354 123 race,”
12435 16044 61 66 a
12595 16011 454 132 thought
13120 16016 208 99 and
13408 16049 57 71 a
13559 16020 222 104 fact
13876 16058 113 66 or
14074 16035 203 94 two

11617 16139 378 104 should
12080 16143 123 99 be
12288 16143 373 104 added.
12813 16148 104 99 Is
12997 16153 80 99 it
13162 16157 501 99 intended
13753 16167 109 94 to
13951 16167 326 132 imply

11617 16276 236 104 that
11887 16313 66 66 a
11995 16285 369 128 people
12454 16318 113 66 so
12685 16285 524 128 degraded
13276 16328 113 66 as
13465 16294 189 99 has
13720 16299 227 123 just
14022 16304 250 99 been

11617 16413 548 104 described
12250 16422 189 99 has
12520 16422 307 99 made
12907 16422 255 99 such
13261 16460 477 99 progress
13824 16436 454 104 unaided

11617 16554 1035 128 —spontaneously?
12784 16559 104 99 If
13006 16587 113 71 so
13172 16569 236 123 why
13498 16569 411 99 trouble
13984 16578 293 94 one’s

11617 16691 194 94 self
11906 16691 326 99 about
12321 16691 520 128 civilizing
12912 16696 373 104 Africa
13323 16701 43 94 ?
13417 16734 113 66 or
13602 16734 198 99 any
13857 16710 420 99 mission

11617 16824 359 99 werk?
12118 16824 47 99 1
12241 16857 128 66 ao
12444 16838 184 85 not
12718 16828 458 128 dispute,
13224 16833 194 99 but
13488 16838 241 128 only
13786 16847 491 94 continue

11617 16951 175 104 the
11844 16965 628 94 statements
12520 16961 345 128 made,
12921 16970 109 90 to
13082 16980 402 85 correct
13531 16970 454 128 possible
14036 16980 184 99 mis-

11613 17093 798 132 apprehension.
12553 17093 369 109 March
12969 17098 222 128 4th,
13252 17102 288 128 1877,
13597 17107 47 99 I
13701 17112 463 132 plucked
14216 17154 61 66 a

11608 17235 354 99 flower
12014 17239 274 94 from
12345 17272 61 61 a
12454 17268 312 99 grave
12822 17272 246 66 near
13139 17244 184 99 the
13375 17249 66 47 “
13507 17249 170 128 big
13753 17244 402 109 church
14206 17254 66 47 ”

11613 17367 265 99 hard
11976 17367 137 128 by
12203 17376 227 94 the.
12477 17376 775 94 over-crowded
13328 17376 751 104 school-rooms
14173 17391 104 94 of

11613 17499 605 137 Frogmore,
12260 17504 213 104 and
12510 17504 435 132 reading
12983 17537 283 104 upon
13304 17509 175 104 the
13512 17513 420 137 leaning
13965 17518 246 104 head-

11613 17650 298 94 stone
11962 17646 180 99 the
12198 17679 302 71 name
12539 17650 113 94 of
12728 17646 543 104 Elizabeth
13323 17650 520 128 Gladden,
13899 17660 378 99 almost

11608 17778 47 99 I
11707 17783 406 94 seemed
12217 17797 99 80 to
12411 17816 165 66 see
12671 17783 184 99 her
12907 17787 222 94 face
13200 17792 420 123 smiling
13658 17792 298 94 down
13998 17797 279 99 from

11608 17910 180 99 the
11882 17915 241 99 blue
12198 17915 378 128 depths
12652 17920 359 118 above;
13120 17920 170 94 for
13384 17920 43 94 I
13488 17924 208 94 had
13781 17924 222 123 just
14055 17934 170 90 wit-

11613 18047 369 99 nessed
12028 18080 61 71 a
12142 18080 298 71 scene
12496 18047 227 104 that
12756 18047 340 104 would
13134 18047 265 109 have
13431 18057 586 128 gladdened
14098 18061 180 104 her

11613 18180 331 128 heart,
12066 18198 184 90 not
12359 18189 208 99 less
12676 18189 265 99 than
13054 18189 180 99 her
13351 18198 463 118 mission,
13932 18198 345 128 begun

11608 18317 293 99 there
11995 18321 383 94 almost
12472 18321 359 99 before
12912 18321 180 94 the
13186 18331 510 90 cannon’s
13743 18359 236 66 roar
14069 18335 208 90 had

11608 18449 373 99 ceased
12028 18449 269 104 from
12354 18449 458 99 Hilton’s
12860 18449 340 128 Head,
13243 18458 208 94 and
13488 18454 586 128 gladdened
14098 18463 180 99 the

11608 18586 340 113 newly
12043 18586 765 128 emancipated.
12954 18586 454 128 Though
13554 18591 170 99 the
13843 18595 435 99 malaria

11608 18746 255 66 soon
11910 18713 302 104 made
12265 18718 180 104 her
12496 18718 213 99 this
12756 18723 307 123 lowly
13115 18718 236 123 bed,
13441 18723 439 99 another
13965 18723 307 104 noble

11613 18888 397 66 women
12109 18855 180 99 did
12335 18869 184 90 not
12614 18855 449 104 hesitate
13110 18874 104 80 to
13266 18855 241 104 take
13564 18893 142 94 up
13762 18860 175 99 the
13994 18860 279 104 work

11608 18987 340 94 which
12066 18987 213 99 had
12397 18987 326 99 fallen
12841 18992 269 94 from
13228 18992 184 94 her
13526 18992 746 99 death-chilled

11608 19115 387 142 hands;
12080 19120 208 109 and
12383 19124 255 99 Miss
12728 19115 350 113 Laura
13167 19124 326 104 Town
13569 19124 420 109 became
14093 19129 180 104 the

11608 19261 529 128 judicious
12222 19266 383 118 friend,
12704 19266 454 118 teacher,
13252 19266 402 123 doctor,
13729 19266 269 132 legal
14093 19271 123 99 ad-

11608 19398 302 94 viser.
11967 19398 217 94 and
12274 19398 47 94 I
12373 19431 241 90 may
12652 19398 387 94 almost
13134 19431 222 90 say,
13408 19398 175 94 th»
13654 19403 416 99 mother
14159 19408 113 94 of

11608 19531 180 99 the
11877 19526 553 128 islanders,
12482 19526 496 132 devoting
13072 19526 184 104 her
13299 19535 255 99 time
13649 19531 208 104 and
13928 19535 345 132 ample

11608 19668 387 99 talents
12033 19668 208 99 and
12288 19701 359 66 means
12699 19682 109 85 to
12855 19668 274 99 their
13172 19668 524 99 interests.
13791 19668 198 104 She
14041 19706 170 94 per-

11608 19800 406 123 sonally
12066 19805 387 132 taught
12501 19800 208 104 and
12756 19800 576 137 supported
13384 19838 57 66 a
13493 19800 279 132 large
13866 19809 397 123 school,

11613 19946 387 123 paying
12085 19980 137 66 an
12317 19946 539 123 assistant;
12964 19946 208 94 and
13261 19970 113 76 as
13474 19942 279 104 clerk
13828 19946 184 99 she
14065 19980 208 71 was

11608 20074 326 118 really
11986 20074 180 94 the
12217 20079 66 43 “
12340 20069 449 99 Board”
12850 20079 170 90 for
13110 20079 175 90 the
13337 20074 449 94 thirteen
13861 20079 411 99 schools

11608 20235 288 99 upon
11953 20202 175 109 the
12184 20206 392 137 island;
12633 20202 184 109 the
12865 20235 194 76 one
13106 20202 416 109 colored
13597 20206 458 104 member
14107 20211 109 99 be-

11608 20353 170 123 ing
11839 20348 628 123 unlettered,
12524 20348 208 99 and
12784 20348 180 99 the
13011 20376 189 71 one
13257 20348 312 99 white
13620 20348 265 99 male
13956 20381 241 66 mem-

11608 20480 189 99 ber
11844 20490 175 90 too
12066 20480 605 99 indifferent
12718 20490 109 85 to
12865 20480 137 94 do
13054 20509 279 66 more
13384 20480 250 94 than
13706 20485 236 118 give
14008 20485 265 94 their

11613 20613 402 109 needed
12061 20622 595 132 signatures
12709 20627 109 94 to
12865 20613 184 109 her
13101 20613 723 137 propositions.

11745 20759 208 99 She
12000 20759 420 99 studied
12501 20759 510 94 medicine
13058 20759 170 90 for
13276 20759 175 94 the
13526 20787 487 94 purpose,
14065 20754 208 104 and

11617 20887 732 104 administered
12406 20901 104 90 to
12595 20891 274 99 their
12917 20887 369 104 milder
13361 20887 482 113 diseases,
13899 20887 378 99 nursed

11617 21028 213 104 and
11920 21033 383 132 taught
12345 21033 283 99 them
12728 21028 231 99 how
13011 21038 109 94 to
13167 21019 19 146 ,
13214 21057 302 71 nurse
13611 21024 104 104 in
13762 21024 180 99 the
14013 21019 213 104 sick-

11617 21198 326 94 room,
12000 21170 208 99 and
12302 21165 420 104 advised
12808 21165 298 94 when
13186 21170 109 90 to
13346 21161 198 99 call
13587 21198 61 61 a
13696 21165 581 123 physician.

11622 21302 208 109 She
11872 21302 520 109 informed
12444 21302 383 104 herself
12869 21293 553 142 regarding
13512 21302 175 99 the
13734 21298 288 113 laws,
14074 21293 213 109 and

11622 21444 430 99 advised
12146 21444 250 99 then
12439 21444 109 94 of
12638 21444 269 123 legal
12964 21444 373 118 rights,
13389 21435 647 123 counselling
14121 21439 165 94 for

11622 21576 557 123 peaceable
12321 21576 657 94 settlements
13110 21567 543 99 whenever
13800 21567 482 128 possible.

11627 21704 208 109 She
11887 21704 326 132 urged
12302 21709 175 104 the
12529 21704 482 137 planting
13096 21704 113 99 of
13299 21713 269 90 trees
13620 21699 208 104 and
13909 21699 378 104 shrubs

11627 21846 406 94 around
12099 21846 269 94 their
12463 21846 411 113 houses,
12964 21860 109 76 to
13143 21841 506 94 cultivate
13720 21836 175 99 the
13989 21836 302 99 home

11627 21978 600 113 sentiment,
12241 22006 321 71 —one
12614 21978 113 99 of
12822 21973 175 99 the
13044 21978 274 90 most
13365 21969 444 99 difficult
13899 21969 397 99 lessons

11627 22115 170 99 for
11839 22110 283 104 them
12184 22124 104 90 to
12340 22115 331 128 learn;
12746 22110 180 104 she
12978 22110 378 128 taught
13417 22115 524 113 neatness,
13994 22134 241 71 econ-

11627 22280 283 94 omy,
12009 22252 208 94 and
12312 22252 359 123 thrift;
12775 22247 198 99 and
13072 22243 628 123 fortnightly
13809 22247 208 90 met
14121 22238 175 99 the

11631 22380 458 104 mothers
12137 22384 208 99 and
12397 22384 335 128 larger
12780 22380 250 132 girls
13082 22394 104 85 at.
13228 22375 184 99 her
13465 22375 354 118 house,
13866 22370 208 104 and
14121 22389 180 80 cut

11631 22517 213 99 and
11891 22521 373 123 taught
12317 22521 288 99 them
12690 22526 104 90 to
12846 22526 184 85 cut
13077 22512 208 99 and
13375 22507 307 99 make
13739 22512 180 99 the
13965 22512 279 94 cloth-

11631 22649 180 132 ing
11863 22649 165 99 for
12076 22649 269 99 their
12425 22649 477 104 families.
13044 22644 255 99 This
13370 22644 326 99 entire
13781 22639 283 104 work
14117 22644 184 94 she

11631 22786 213 104 had
11939 22791 567 99 continued
12600 22814 312 99 many
12964 22814 326 104 years.
13431 22776 335 104 Three
13861 22776 439 104 devoted

11636 22956 350 104 young
12033 22923 326 109 ladies
12454 22932 279 99 from
12780 22928 175 99 the
13049 22918 307 104 north
13403 22951 269 71 were
13720 22918 189 104 her
13998 22913 260 109 assis-

11636 23079 326 113 tants,
12019 23074 203 94 two
12274 23069 113 99 of
12472 23069 293 104 them
12846 23060 643 132 conducting
13535 23055 250 104 each
13838 23088 132 71 an
14017 23050 283 104 inde-

15142 2367 33 71 »
15246 2357 340 80 PRICE
15614 2353 38 57 >
15676 2353 279 94 FIVE
16337 2353 52 113 I
16408 2353 71 33 “
16531 2353 14 118 .
16602 2386 43 28 -
17117 2353 94 118 /

15132 2443 43 99 I
15246 2452 231 76 ONE
15520 2433 472 99 DOLLAIt
16356 2447 85 94 X
16479 2466 312 76 HALF
16819 2476 71 66 A
16946 2471 335 71 YHAB

14513 2740 463 128 pendent
15099 2745 416 132 school;
15643 2754 213 99 and
15969 2764 180 94 ten
16276 2764 420 104 colored
16791 2773 411 128 youths

14518 2872 335 104 whom
14910 2877 189 104 she
15151 2882 213 104 had
15406 2887 524 109 educated
15978 2920 109 76 at
16162 2891 614 137 Frogmore,
16824 2910 406 132 taught

14509 3009 265 104 each
14825 3047 61 71 a
14939 3014 1148 146 school—completing
16134 3033 184 99 the
16370 3033 496 109 thirteen.

14636 3146 52 104 I
14740 3184 326 71 never
15109 3156 378 109 envied
15529 3189 213 109 any
15789 3198 411 76 woman
16252 3203 113 71 as
16413 3175 52 99 I
16540 3180 373 109 envied
16965 3184 269 137 her;'

14499 3283 184 109 the
14735 3293 449 132 implicit
15250 3298 605 113 confidence
15888 3307 213 104 and
16148 3307 236 109 love
16479 3312 52 109 I
16611 3345 213 80 saw
16876 3331 279 99 mani-

14499 3430 345 104 fested
14948 3430 137 132 by
15175 3430 142 109 all
15397 3444 402 99 around
15893 3444 217 128 her,
16195 3449 213 104 and
16488 3454 180 104 the
16757 3458 184 137 joy
17013 3463 208 109 she

14494 3576 288 90 must
14858 3567 274 99 have
15222 3567 203 109 felt
15520 3576 109 99 in
15723 3581 439 132 looking
16252 3619 250 71 over
16578 3595 184 104 the
16852 3595 369 137 dusky

14490 3699 510 109 audience
15052 3704 189 104 she
15335 3709 217 109 had
15624 3718 335 104 called
16044 3728 524 128 together,
16654 3732 213 109 and
16956 3737 260 109 that

14490 3841 487 104 crowded
15019 3846 184 99 the
15255 3846 170 104 old
15477 3850 402 109 church
15931 3888 132 76 on
16106 3860 246 104 that
16403 3865 813 137 “‘Temperance

14490 3973 283 128 day”
14830 3978 123 99 of
14986 3978 146 99 all
15184 3978 180 109 the
15411 3987 458 104 schools.
16011 3997 298 99 Even
16361 4006 113 94 at
16540 4006 213 99 this
16800 4020 411 94 remote

14490 4106 208 137 day
14750 4110 52 99 I
14877 4143 274 76 seem
15255 4134 104 85 to
15411 4153 175 71 see
15680 4129 175 99 the
15907 4162 345 104 eager,
16346 4139 425 137 smiling
16852 4148 359 137 faces;

14490 4247 180 104 the
14721 4266 317 90 sweet
15085 4257 482 128 perfume
15619 4266 113 99 of
15784 4266 180 104 the
16006 4266 369 109 vellow
16417 4276 458 132 jasmine
16918 4318 293 104 upon

14490 4384 184 99 the
14731 4384 269 104 dark
15099 4394 557 109 foreheads
15713 4403 113 104 of
15921 4408 180 99 the
16181 4413 255 128 girls
16531 4417 392 104 salutes
16984 4398 217 156 *my

14485 4550 340 90 sense,
14929 4526 208 99 and
15255 4531 180 99 the
15553 4540 340 99 sound
15987 4545 113 94 of
16191 4545 180 99 the
16479 4554 728 132 soul-stirring

14485 4654 709 123 “spirituals”
15298 4663 661 132 rebounding
16006 4677 279 99 from
16380 4677 175 104 the
16625 4687 265 128 deep
16975 4696 227 99 and

14485 4791 491 99 crowded
15099 4791 524 137 galleries,
15732 4805 255 104 rolls
16082 4809 463 142 through
16644 4819 180 104 the
16918 4857 283 94 open

14485 4923 501 113 windows
15043 4932 208 109 and
15331 4937 392 109 shakes
15775 4946 180 104 the
16044 4951 671 132 periwinkles
16762 4961 387 137 glisten-

14485 5069 180 118 ing
14712 5069 217 99 and
14967 5074 373 128 lifting
15369 5079 274 99 their
15690 5117 302 71 azure
16044 5088 520 104 blossoms
16592 5131 288 94 upon
16928 5107 283 99 Miss

14485 5192 591 109 Gladden’s
15118 5239 364 94 grave,
15539 5244 113 71 as
15704 5216 189 104 she
15978 5220 340 132 sleeps
16365 5235 595 132 peacefully
17013 5239 128 104 be-

14485 5334 222 104 side
14802 5367 288 76 some
15142 5348 109 104 of
15321 5348 184 104 the
15553 5367 283 94 most
15921 5362 279 104 cruel
16252 5362 737 123 slave-master
17065 5381 137 104 of

14485 5466 180 99 the
14721 5471 250 123 long
15019 5509 236 90 ago.

14613 5598 387 109 Thank
15104 5613 231 99 God
15425 5613 175 104 for
15671 5646 520 109 progress,
16247 5631 208 99 and
16531 5631 231 109 that
16857 5641 340 132 quiet,

14480 5745 860 109 unostentatious
15392 5787 397 80 women
15846 5759 274 109 have
16205 5806 61 71 a
16313 5769 307 109 share
16663 5778 109 104 in
16824 5787 132 99 its
16998 5778 132 113 ad-

14476 5887 293 90 venE
15751 5901 506 109 Harriet
16304 5915 137 104 N.
16498 5915 142 104 K.
16701 5920 331 104 Goff.

14594 6014 581 137 Brooklyn,
15231 6028 213 99 Dec
15491 6033 170 118 27,
15723 6038 288 104 1882.

15175 6255 789 90 Providence
16035 6274 468 80 Letter.

14589 6373 723 142 Providence,
15402 6392 213 104 Jan
15704 6397 728 146 I.—Tuesday
16507 6411 217 109 like
16800 6411 354 118 Xmas

14452 6543 85 66 is
14589 6548 132 71 an
14778 6529 680 137 exceedingly
15529 6534 203 104 fine
15808 6567 236 80 one.
16181 6543 302 113 Your
16545 6586 557 109 correspon-

14447 6652 260 104 dent
14754 6690 213 71 was
15019 6666 104 99 in
15175 6694 288 80 error
15510 6685 638 128 concerning
16195 6685 180 104 the
16422 6690 246 109 date
16753 6699 113 99 of
16918 6704 236 104 that

14443 6794 335 118 grand
14868 6794 260 137 ball,
15213 6803 350 104 which
15643 6813 208 104 will
15921 6817 132 104 be
16134 6822 312 132 given
16531 6831 142 123 by
16753 6831 402 113 Messrs

14466 6950 43 66 v
14551 6931 458 104 alentine
15061 6940 213 99 and
15335 6945 510 104 Williams
15921 6987 137 66 on
16110 6959 180 99 the
16346 6964 241 99 11th
16635 6973 298 123 inst.,
16984 6978 113 99 in-

14443 7063 302 104 stead
14792 7068 118 99 of
14957 7068 184 109 the
15194 7072 293 132 15th,
15529 7110 113 76 as
15680 7115 213 76 was
15940 7096 378 99 stated.
16469 7101 227 109 The
16743 7106 354 109 follow-

14443 7195 180 128 ing
14674 7200 85 99 is
14839 7238 61 71 a
14953 7209 180 104 list
15208 7219 113 94 of
15411 7233 180 85 the
15685 7228 600 128 gentlemen
16380 7238 236 104 who
16691 7280 184 66 are
16965 7252 198 99 the

14438 7342 524 118 proposed
15099 7356 600 94 committee
15855 7365 118 90 of
16077 7384 822 113 arrangements:
17031 7384 132 99 M

14433 7455 331 151 Camp
14816 7469 482 142 Hughes,
15340 7479 213 109 Jno
15600 7483 128 104 T.
15813 7488 454 137 Holden,
16318 7498 463 113 Howard
16852 7507 246 113 Solo-

14428 7630 293 99 mon,
14806 7611 293 104 John
15170 7616 463 137 Toomey
15685 7635 208 94 and
15945 7630 137 104 H.
16162 7639 104 99 J.
16328 7639 449 128 Cooper;
16857 7649 279 113 floor

14428 7762 595 104 managers:
15085 7748 288 104 John
15425 7753 123 99 T.
15605 7757 463 128 Holden,
16110 7767 180 99 W.
16361 7772 128 99 G.
16559 7776 572 132 Williams,

14428 7861 128 109 G.
14646 7866 161 109 W.
14887 7876 458 113 Wallace
15435 7890 213 104 and
15723 7890 146 118 11.
15945 7894 548 142 Solomon;
16583 7913 260 109 aids:
16932 7866 198 156 W*
17178 7989 33 33 ,

15052 8017 137 99 W
15198 8088 28 28 *
15288 8022 411 104 Griffiet
15704 8031 109 118 h,
15898 8031 402 104 Robert
16337 8046 557 118 Jefferson,
16984 8055 142 104 L.

14438 8140 165 94 W.
14674 8140 539 113 williams.
15364 8154 345 104 Music
15784 8164 142 132 by
15978 8164 496 113 National
16554 8173 307 113 Band
16932 8187 142 104 Or-

14424 8268 454 113 chestra.
15071 8287 364 109 Grand
15510 8296 359 104 march
15926 8301 57 104 9
16063 8301 449 118 o’clock.
16687 8320 444 113 Tickets

14424 8433 198 76 one
14669 8414 340 104 dollar
15057 8452 184 99 per
15307 8428 420 137 couple;
15789 8443 335 123 single
16172 8443 369 128 ticket,
16592 8457 132 99 50
16772 8485 340 80 cents.

14556 8546 624 132 Companies
15274 8565 94 99 A
15463 8565 203 99 and
15765 8561 128 132 B,
15945 8584 619 128 composing
16644 8589 175 104 the
16909 8598 213 109 4th

14419 8679 539 109 Battalion
15019 8698 113 94 of
15213 8693 378 113 Rhode
15676 8702 359 109 Island
16106 8717 439 128 malitia,
16602 8754 265 76 were
16946 8735 109 104 in-

14419 8820 430 118 spected
14901 8835 109 90 at
15057 8825 279 104 their
15378 8868 420 99 armory
15841 8839 208 104 last
16096 8844 661 142 Wednesday
16791 8896 260 71 even-

14646 8953 142 132 by
14835 8948 250 137 Brig
15137 8967 227 94 Gen
15411 8967 132 104 E.
15600 8967 142 109 H.
15798 8972 463 132 Rhodes,
16346 9000 761 118 accompanied

14414 9085 142 113 by
14608 9085 255 99 staff
14910 9094 402 104 officers
15364 9099 184 104 Col
15605 9104 387 137 Phillip
16044 9113 104 104 S.
16205 9118 373 128 Chase,
16630 9123 227 137 Maj
16918 9137 175 104 W.

14409 9217 109 94 J.
14608 9217 562 132 Bradford,
15255 9231 274 132 Capt
15600 9241 288 99 John
15959 9246 364 132 Howe,
16375 9255 269 132 Capt
16696 9265 165 109 W.
16956 9265 142 109 B.

14409 9345 416 132 Mason,
14882 9359 331 128 signal
15265 9373 392 104 officer.
15798 9378 222 99 The
16077 9378 515 113 battalion
16644 9406 402 99 consist-

14613 9487 109 99 of
14816 9520 520 109 company
15373 9506 132 123 A,
15605 9501 274 142 Capt
15969 9510 439 142 Becket,
16498 9529 203 104 and
16753 9529 142 109 Co
16946 9534 142 132 B,

14405 9628 274 123 Capt
14726 9628 331 104 Bnln.
15208 9633 222 109 The
15529 9676 231 71 men
15808 9657 576 123 appeared*
16413 9666 104 99 in
16569 9671 529 113 excellent

14405 9761 458 128 military
14943 9784 236 85 trim
15241 9775 170 99 for
15468 9780 581 128 inspection
16101 9794 213 99 and
16380 9798 298 99 drills
16743 9808 345 104 which

14400 9917 265 76 were
14698 9898 789 142 praiseworthy,
15520 9912 213 99 and
15765 9917 269 104 after
16087 9926 340 104 which
16465 9931 180 104 the
16682 9940 420 109 officers

14400 10025 213 104 and
14665 10063 236 71 men
14934 10068 265 76 were
15227 10044 775 142 magnificently
16039 10058 628 137 banqueted.
16748 10077 350 113 These

14400 10162 439 123 officers,
14929 10167 222 128 Maj
15236 10176 128 99 A.
15449 10186 128 90 E.
15671 10186 392 132 Smith;
16157 10195 269 128 Capt
16479 10200 302 104 Briln
16871 10219 217 99 and

14400 10299 430 118 Becket,
14877 10299 425 113 deserve
15340 10342 137 76 an
15520 10313 501 113 immense
16068 10323 231 113 deal
16342 10332 113 109 of
16517 10342 331 109 credit
16899 10351 175 104 for

14400 10427 184 104 the
14627 10436 491 142 soldierly
15170 10446 430 142 bearing
15652 10465 113 94 of
15836 10465 170 99 the
16058 10469 543 109 battalion.

14528 10569 241 99 Ives
14854 10573 255 104 Post
15189 10583 170 99 No
15402 10587 99 113 3,
15586 10592 661 128 department
16318 10611 113 99 of
16507 10611 373 109 Rhode
16923 10620 113 104 Is-

14395 10706 288 123 land,
14745 10706 128 104 G.
14929 10710 132 104 A.
15123 10715 180 128 R.,
15340 10734 113 85 at
15501 10720 180 109 the
15728 10729 274 104 close
16049 10734 113 99 of
16209 10772 194 71 one
16450 10743 274 109 their
16767 10786 250 90 regu-

14395 10833 161 99 lar
14608 10843 548 128 meetings,
15217 10852 591 137 Thursday,
15841 10866 184 94 the
16072 10871 246 99 28th
16375 10876 236 123 ult.,
16663 10885 420 123 lighted

14391 10989 198 76 one
14617 10975 123 94 of
14787 10970 269 109 their
15090 10975 487 132 pleasant
15609 11022 302 99 camp
15954 10998 279 113 fires,
16266 11017 109 90 at
16417 11008 340 104 which
16795 11017 283 109 their

14391 11102 321 109 ladies
14787 11140 265 80 were
15099 11131 449 118 present.
15685 11131 260 104 Also
15992 11145 397 104 several
16460 11150 406 113 officers
16946 11159 128 104 of

14386 11239 189 94 the
14698 11244 666 123 department
15468 11268 609 128 encamped.
16337 11282 94 94 A
16554 11287 510 109 collation

14381 11395 217 76 was
14669 11381 402 118 served,
15165 11391 279 99 after
15534 11395 331 104 which
15969 11433 250 99 very
16266 11409 539 142 flattering
16894 11452 118 76 re-

14381 11509 359 109 marks
14787 11518 113 104 of
14972 11542 874 123 encouragement
15907 11575 255 76 were
16214 11551 520 109 bestowed
16776 11589 288 99 upon

14376 11650 180 90 the
14608 11655 279 118 post.
15033 11655 194 99 We
15274 11669 279 94 trust
15605 11674 170 90 the
15822 11688 246 109 post
16110 11683 213 94 will
16365 11693 496 94 continue
16932 11707 123 90 to

14372 11778 307 99 merit
14750 11778 180 104 the
15019 11797 378 99 esteem
15496 11797 208 104 and
15784 11797 335 113 honor
16200 11811 113 104 in
16361 11816 345 109 which
16800 11825 265 128 they

14357 11906 293 113 Kava
14683 11915 591 128 heretofore
15321 11929 255 99 been
15657 11934 279 104 held-
16271 12014 61 14 ..
16389 11906 14 142 .
16583 12014 28 9 -

15595 12057 345 52 .xjciu.
15978 12052 269 71 Miuu
16276 12033 104 85 j!
16431 12033 203 90 x’i'v
16658 12033 515 123 videncc^

14443 12132 557 104 comoosed
15033 12137 113 104 of
15189 12170 364 99 youne;
15591 12146 595 128 gentlemen
16224 12156 213 104 and
16474 12156 321 109 ladies
16843 12161 288 113 from

14443 12260 567 113 Baltimore
15090 12279 208 99 and
15345 12274 742 137 Washington,
16167 12307 269 109 gave
16483 12331 61 61 a
16592 12331 250 94 very
16909 12302 222 99 fin«

14447 12392 326 109 Xmas
14858 12402 373 99 dinner
15279 12411 208 99 and
15534 12420 534 123 reception
16162 12430 113 90 at
16323 12420 184 99 the
16597 12430 534 104 residence

14447 12534 113 99 of
14641 12534 170 104 Mr
14891 12539 203 104 and
15156 12539 217 109 Mrs
15420 12534 562 142 Benjamin
16054 12548 567 142 Rinorgold,
16710 12562 165 104 No
16923 12567 61 104 6
17036 12562 104 109 B

14452 12685 345 104 street,
14854 12676 217 99 Dee
15118 12680 165 94 25.
15430 12685 269 94 The*
15732 12690 392 99 cuisine
16167 12671 643 151 as'presided
16885 12737 255 71 over

14452 12798 132 128 by
14641 12798 165 99 Mr
14858 12808 520 132 Ratteage
15420 12841 217 71 was
15685 12846 61 66 a
15789 12822 274 118 good
16110 12846 227 76 one.
16479 12831 416 123 Among
16942 12836 194 104 the

14452 12945 302 118 guest
14835 12954 420 118 present
15345 12978 255 71 were
15685 12950 180 104 the
15950 12950 373 113 Misses
16403 12959 265 109 Lilia
16762 12969 369 132 Gears,

14452 13072 369 104 Jennie
14901 13087 591 123 Camplain,
15567 13087 132 99 N.
15765 13087 406 128 Monro,
16233 13101 369 99 Gracie
16687 13106 392 104 Parker-

14452 13233 227 90 son,
14731 13200 293 109 Belle
15076 13209 378 128 Smith,
15520 13219 392 99 Rachel
15964 13224 444 128 Rollins,
16488 13233 302 132 Mary
16838 13238 227 99 Mor-

14452 13337 180 128 ris,
14717 13342 402 104 Rachel
15175 13351 369 123 Grant,
15600 13351 425 104 Martha
16072 13356 128 109 L.
16257 13361 354 109 Gross.
16706 13384 425 123 Among

14457 13474 175 99 the
14669 13483 633 128 gentlemen,
15354 13488 387 104 Messrs
15798 13493 175 104 W.
16006 13493 146 104 H.
16200 13498 118 99 C.
16380 13498 430 132 Greene,
16857 13507 227 104 Mar-

14457 13611 265 104 shall
14769 13616 373 128 Smith,
15189 13620 359 137 Henry
15595 13625 425 137 Cooper,
16077 13630 128 104 T.
16261 13635 137 99 11.
16455 13635 680 142 Carrighton,

14457 13753 217 99 Geo
14712 13753 137 104 H.
14896 13757 416 128 Romes,
15373 13762 397 132 George
15822 13767 132 99 11.
16016 13767 420 118 Romes,
16488 13776 184 132 jr.,
16734 13786 406 99 Walter

14461 13885 420 123 Romes,
14939 13890 402 132 George
15387 13899 506 123 Jackson,
15945 13904 279 104 John
16276 13909 548 132 Freeman,
16885 13918 246 109 Wm

14466 14017 548 132 Ferguson
15057 14031 217 104 and
15321 14031 241 109 Wm
15633 14036 430 109 Parker.

15364 14296 335 94 Troy
15751 14301 458 80 Letter.

14594 14424 335 128 Troy,
14986 14428 203 104 Jan
15241 14428 231 104 3.—
15529 14433 94 99 It
15676 14466 85 71 is
15808 14452 510 118 apparent
16361 14443 231 104 that
16639 14447 170 104 the
16880 14485 180 76 cus-

14461 14556 213 76 tom
14731 14556 104 76 of
14924 14565 619 94 elaboiately
15643 14575 699 94 entertaining
16427 14580 236 80 New
16767 14580 354 90 Year’s

14461 14655 369 80 callers
14872 14660 90 76 is
15000 14660 198 80 fast
15236 14665 321 99 dying
15595 14669 104 76 in
15742 14688 184 61 our
15964 14679 241 94 city,
16243 14679 198 76 and
16488 14698 109 61 as
16635 14702 57 57 a
16762 14702 302 66 conse-

14466 14778 397 76 quence
14934 14764 222 80 that
15231 14769 194 94 day
15477 14792 198 57 was
15751 14778 170 71 not
15964 14792 109 61 as
16120 14778 312 99 lively
16502 14797 109 61 as
16654 14787 80 76 it
16772 14787 340 99 might

14461 14858 265 76 have
14806 14863 283 80 been.
15198 14868 38 76 I
15312 14891 184 57 can
15543 14872 170 76 but
15789 14877 265 76 refer
16124 14882 104 76 to
16266 14882 175 76 the
16512 14882 194 80 last
16776 14896 194 71 call
17008 14896 113 76 ot

14461 14962 180 71 the
14679 14957 350 90 “Jolly
15109 14967 298 71 five”
15487 14976 567 94 consisting
16139 14976 104 76 of
16299 14976 302 80 Sam’l
16701 14981 128 76 W.
16876 14991 184 76 Gib-

14457 15066 213 80 son,
14712 15057 189 80 LL.
14967 15061 156 94 8.,
15170 15061 222 80 Hon
15435 15066 104 80 F.
15586 15071 113 76 A.
15746 15066 340 104 Chew,
16129 15071 241 85 Prof
16427 15080 109 76 A.
16602 15080 350 99 Azien,
16994 15090 104 85 J.

14461 15156 123 80 M.
14631 15156 331 104 Kemp
15009 15165 109 80 A.
15165 15165 165 104 M.,
15373 15170 194 80 and
15643 15189 250 80 your
15964 15180 827 99 correspondent,
16909 15198 208 76 rhe

14457 15260 189 76 call
14698 15283 198 57 was
14934 15269 298 76 made
15307 15279 104 66 at
15515 15274 175 76 the
15798 15279 534 80 residence
16398 15288 109 71 of
16578 15283 151 76 Mr
16795 15288 94 80 J.
16965 15293 146 85 H.

14452 15359 520 94 Schuyler,
15028 15369 335 76 where
15439 15392 156 57 we
15666 15392 274 57 were
16011 15383 647 80 entertained
16734 15387 123 94 by
16932 15392 184 76 the

14452 15454 359 80 Misses
14844 15463 520 104 Schuyler,
15406 15468 246 80 Miss
15685 15468 378 85 Jennie
16101 15482 482 94 Anthony
16625 15491 194 76 and
16861 15487 255 85 Miss

14452 15557 354 80 Carrie
14896 15557 515 94 Peterson.
15520 15572 647 109 Everything
16261 15600 208 61 was
16611 15591 298 80 made
16989 15614 123 61 so

14452 15666 468 94 pleasant
14986 15671 161 76 tor
15213 15671 175 80 the
15458 15676 61 47 “
15557 15680 387 99 tramps
15992 15680 52 33 ”
16120 15680 222 85 that
16446 15690 241 94 they
16762 15694 345 99 forgot

14452 15770 628 76 themselves
15118 15775 198 76 and
15354 15780 274 76 their
15756 15784 279 76 call”
16082 15803 208 57 was
16356 15794 562 94 prolonged
16956 15822 104 57 in-

14452 15869 104 71 to
14594 15883 57 57 a
14754 15874 472 71 ‘‘visit.”
15340 15874 236 80 Two
15647 15879 425 90 o’clock,
16148 15898 104 61 a.
16328 15902 161 76 m.,
16569 15893 321 90 tqund
16984 15917 128 61 us

14457 15959 496 99 speeding
15028 15987 128 61 on
15231 15992 189 57 our
15487 15992 222 85 way
15784 15983 614 80 homeward.
16479 15987 217 80 KeV
16767 15992 142 85 W.
16989 15997 113 80 C.

14452 16063 369 80 Brown
14863 16077 104 71 ot
15000 16077 175 71 the
15217 16072 411 104 Liberty
15676 16082 307 80 street
16044 16082 439 99 Church,
16531 16091 317 99 spend
16918 16096 194 85 the

14457 16167 463 99 holidays
14962 16176 246 76 with
15279 16181 165 76 his
15520 16181 402 80 mother
15987 16181 104 85 in
16139 16181 756 109 Philadelphia;
16942 16200 170 80 his

14452 16271 335 94 pulpit
14830 16276 302 99 being
15208 16276 279 85 tilled
15529 16285 189 76 last
15789 16280 387 109 Sunday
16224 16294 118 94 by
16389 16290 203 80 Kev
16677 16299 80 76 S.
16809 16299 293 85 Hood

14447 16370 104 76 of
14589 16370 236 80 New
14906 16375 302 80 York.
15317 16384 298 76 After
15685 16389 501 99 speaking
16252 16398 99 71 at
16427 16403 170 66 the
16672 16398 425 99 Liberty

14452 16479 321 71 street
14863 16474 439 104 Church,
15345 16479 217 80 Kev
15633 16483 288 80 Hood
15987 16488 557 99 proceeded
16592 16502 104 71 to
16757 16502 175 76 the
16975 16502 128 85 A.

14452 16569 128 80 M.
14622 16573 104 76 E.
14773 16578 406 80 Church
15222 16587 99 71 to
15350 16587 350 76 attend
15737 16592 836 104 watch-meeting
16611 16606 487 76 services.

14452 16672 326 85 While
14816 16696 128 61 oi.
14986 16682 170 76 the
15203 16701 217 80 way
15468 16687 123 80 he
15633 16691 420 76 stubbed
16101 16691 156 80 his
16294 16701 189 76 toe.
16526 16701 203 76 and
16762 16720 128 61 on
16942 16706 113 76 in-

14452 16781 468 94 specting
14995 16781 170 76 the
15236 16791 439 76 obstacle
15746 16791 317 76 found
16139 16805 80 66 it
16294 16805 104 66 to
16474 16800 113 76 be
16663 16824 57 57 a
16786 16809 57 38 “
16885 16809 213 76 Mrs

14452 16871 449 99 Langtry
14953 16880 47 33 ”
15085 16880 402 94 bonnet,
15534 16894 506 90 supposed
16087 16899 99 66 to
16266 16899 255 71 have
16597 16899 250 80 been
16890 16909 203 76 lost

14452 16980 99 66 in
14598 16975 175 80 the
14811 16980 501 80 immense
15392 16989 340 71 crowd
15784 16989 326 76 which
16153 16998 506 71 extended
16734 17003 364 90 nearly

14452 17093 52 61 a
14551 17074 288 80 block
14910 17098 123 61 on
15113 17083 241 76 each
15435 17088 217 76 side
15685 17088 104 80 of
15860 17093 175 76 tne
16101 17093 411 80 church.
16620 17093 213 85 The
16876 17102 222 80 Kev

14461 17202 198 57 was
14698 17187 180 76 not
14915 17187 175 80 the
15161 17187 439 104 least|bit
15633 17192 435 85 delicate
16110 17192 104 85 in
16252 17192 425 113 picking
16715 17225 137 76 up
16923 17211 184 80 the

14457 17282 170 76 hat
14693 17282 198 85 and
14962 17287 364 99 taking
15392 17291 85 80 it
15548 17301 104 71 to
15690 17301 383 76 church
16110 17301 250 76 with
16441 17301 241 80 him.
16791 17306 307 85 From

14457 17386 246 76 here
14745 17386 76 71 it
14863 17405 203 57 was
15109 17391 302 76 taken
15454 17400 104 66 to
15600 17400 161 71 his
15808 17400 288 71 home
16139 17419 184 71 pro
16365 17405 241 85 tern,
16644 17409 170 71 the
16857 17414 198 71 resi-

14452 17480 321 80 dence
14806 17485 104 76 of
14948 17490 194 76 Mrs
15184 17485 420 104 Bolden,
15652 17490 340 80 where
16035 17494 463 80 itawaits
16540 17499 132 80 its
16710 17523 387 66 owner.

14452 17580 236 85 Prof
14721 17584 90 85 J.
14863 17589 109 80 A.
15033 17589 435 80 Howard
15506 17603 104 76 ot
15647 17594 236 85 New
15931 17594 298 99 York,
16276 17598 208 80 will
16531 17603 312 99 spend
16923 17608 184 85 tho

14452 17698 378 76 winter
14858 17712 109 57 m
15009 17693 312 99 Tioy.
15430 17698 184 80 His
15657 17702 430 80 musical
16157 17707 321 80 talent
16550 17712 180 76 has
16800 17721 307 76 made

14461 17792 208 76 him
14745 17792 288 94 quite
15099 17816 57 57 a
15231 17802 444 76 favorite
15742 17820 373 80 among
16186 17806 175 76 the
16408 17811 397 76 weaker
16876 17835 227 61 sex.

14452 17887 213 80 The
14773 17901 345 85 report
15213 17901 222 76 that
15543 17901 151 76 Mr
15765 17906 321 94 Sandy
16219 17906 269 85 King
16573 17910 203 76 will
16852 17934 250 61 soon

14452 17991 293 76 leave
14783 18000 279 71 town
15109 17995 85 76 is
15231 17995 624 80 unfounded.
15912 18000 161 80 Mr
16106 18000 104 80 F.
16252 18005 506 99 Houglass
16809 18009 227 80 Man-

14452 18090 397 85 vardof
14920 18094 633 99 Greenwich,
15600 18099 217 80 will
15888 18104 321 94 spend
16280 18104 175 80 the
16531 18104 369 85 winter
16989 18132 118 66 in

14452 18194 293 94 Troy,
14783 18203 198 71 and
15024 18217 463 76 pursuea
15520 18222 354 61 course
15907 18203 99 76 of
16044 18203 387 85 studies
16469 18222 99 66 at
16611 18213 170 76 the
16814 18213 231 80 Busi-

14452 18312 236 57 ness
14773 18298 444 94 College.
15326 18302 241 76 Miss
15643 18302 335 76 Hattie
16063 18307 137 71 M.
16280 18312 345 76 Moore
16658 18317 104 71 ot
16843 18317 246 76 New

14452 18387 293 94 York,
14787 18392 175 76 the
15000 18392 435 80 amiable
15472 18397 302 76 sister
15803 18406 99 71 ot
15945 18402 151 76 Mr
16134 18402 109 76 N.
16290 18406 90 71 J.
16465 18411 491 76 Sherman
16989 18411 113 80 of

14443 18510 194 57 our
14674 18496 236 90 citv,
14953 18496 90 71 is
15090 18491 430 99 visiting
15567 18496 241 80 Miss
15841 18496 392 80 Minnie
16266 18501 487 85 Jackson.
16890 18510 208 80 Rev

14457 18591 137 76 W.
14669 18591 104 80 C.
14863 18591 373 80 Brown
15283 18600 208 71 will
15562 18609 354 66 return
16016 18600 265 76 from
16380 18605 723 99 Philadelphia

14447 18685 203 80 this
14698 18690 312 90 week,
15052 18690 198 76 and
15298 18709 402 61 resume
15742 18699 161 71 his
15945 18699 283 71 work
16266 18699 109 76 in
16417 18704 175 76 Hie
16672 18704 425 99 Liberty

14447 18798 317 66 street
14802 18789 435 80 Church.
15345 18789 241 80 Last
15657 18798 444 99 evening
16181 18798 378 99 Bishop
16606 18798 491 104 Wayman

14443 18888 99 80 ot
14584 18893 175 76 the
14802 18893 109 76 A.
14957 18893 128 80 M.
15128 18893 113 85 E.
15298 18898 633 94 connection,
15973 18893 317 99 spoke
16328 18902 345 85 beiorc
16710 18926 57 61 a
16809 18912 288 99 large

14443 18992 496 76 audience
15005 19002 104 66 at
15217 19002 170 71 the
15449 18997 416 94 Liberty
15931 19011 317 66 street
16313 19006 435 76 Church.
16861 19011 227 80 Hon

14466 19087 118 76 1).
14631 19087 435 80 Thomas
15104 19091 515 76 Powellot
15694 19091 506 99 Pressent,
16247 19101 180 76 has
16465 19106 99 71 of
16606 19106 203 76 late
16852 19110 250 76 been

14447 19191 425 104 making
14910 19191 482 104 frequent
15430 19195 302 80 visits
15770 19205 104 76 to
15907 19195 751 109 Lansingburg,
16691 19209 279 94 (who
17008 19233 99 61 is

14443 19294 515 85 fortunate
14995 19318 345 80 young
15411 19299 331 99 lady.)
16540 19304 104 85 P.
16720 19313 104 85 C.
16866 19313 118 85 K.

15099 19531 283 80 Xew
15463 19531 444 80 Haven
15973 19535 458 80 Letter.

14532 19672 307 104 /New
14891 19672 430 123 Haven,
15373 19677 203 99 Jan
15628 19677 463 99 3.—The
16143 19696 411 85 concert
16578 19687 307 123 given
16932 19691 175 104 for

14443 19800 175 85 the
14660 19805 364 80 benelit
15061 19809 99 71 ot
15231 19805 241 80 Zion
15515 19805 260 80 Chin
15798 19805 156 94 ch,
16025 19819 104 71 ut
16162 19809 435 80 Loomis’
16672 19819 435 99 Temple

14452 19928 198 61 was
14693 19932 57 57 a
14783 19909 326 99 grand
15146 19928 406 61 success
15591 19909 198 80 and
15827 19909 397 85 cleared
16271 19913 180 94 $lO.
16578 19918 208 85 Hie
16861 19923 222 85 Kev

14443 20017 298 71 Allen
14773 20017 198 71 and
15019 20017 265 90 wife,
15317 20017 109 71 of
15458 20013 369 94 Derby,
15874 20022 298 85 spent
16205 20017 241 80 New
16498 20017 326 90 Years’
16899 20031 208 99 day

14443 20112 109 71 in
14622 20126 189 57 our
14849 20112 236 90 city,
15161 20117 180 66 the
15406 20121 345 85 guests
15794 20117 104 71 of
15959 20112 213 76 Kev
16214 20117 85 76 J.
16351 20117 137 80 W.
16564 20117 354 99 Smith,
16994 20131 113 71 of

14447 20206 274 94 Zion,
14816 20211 194 71 and
15085 20206 298 76 made
15454 20206 175 80 the
15694 20211 454 99 opening
16219 20220 104 66 at
16398 20211 175 80 the
16639 20230 458 76 concert.

14447 20306 373 90 Messrs
14854 20306 378 90 Robert
15269 20310 104 85 C.
15420 20306 416 104 Rollins,
15869 20310 104 85 of
16011 20310 543 109 Brooklyn,
16597 20320 501 109 Suilivan,

14443 20414 340 80 White
14816 20419 198 76 and
15057 20414 454 94 Mallery,
15553 20414 99 80 of
15694 20419 170 76 the
15907 20424 439 76 steamer
16384 20428 699 99 Continental,

14447 20532 274 57 were
14759 20513 175 71 the
14972 20528 350 80 guests
15354 20523 104 61 of
15496 20513 203 76 Mrs
15765 20513 444 80 Thomas
16285 20523 345 80 Blake,
16672 20532 99 66 of
16805 20528 104 71 39
16951 20532 38 71 1
17041 20532 61 76 a

14443 20608 373 109 Sperry
14854 20617 340 71 stieet.
15302 20608 373 80 Messrs
15713 20608 265 85 Leon
16020 20613 397 85 Turner
16450 20622 198 76 and
16687 20617 94 85 J.
16828 20622 198 85 Pen-

14447 20740 321 71 noyer
14802 20717 345 99 Jones,
15184 20717 104 80 of
15326 20721 491 90 Arkansa,
15865 20735 269 71 were
16172 20721 170 80 the
16384 20735 350 94 guests
16772 20726 104 85 of
16909 20735 184 85 the

14452 20820 359 76 Misses
14863 20825 435 90 Cornell,
15364 20844 132 52 on
15572 20820 600 85 Christmas.
16271 20825 213 80 The
16554 20830 203 76 Mrs
16843 20835 274 80 Jane

14452 20924 113 71 A.
14608 20920 52 76 f
14693 20920 236 76 inch
14967 20920 198 76 and
15203 20920 307 90 Koye,
15548 20920 104 76 of
15694 20924 170 71 the
15907 20934 491 66 streamer
16436 20934 661 76 Continental

14452 21028 302 94 spent
14806 21019 236 80 New
15090 21019 312 80 Years
15472 21019 104 80 in
15614 21019 373 104 Derby,
16063 21028 175 76 the
16304 21043 350 85 guests
16720 21033 104 80 ot
16894 21033 213 85 Mrs

14452 21128 345 76 Hattie
14839 21123 293 80 Lord.
15241 21128 331 80 There
15609 21146 208 61 was
15855 21151 52 57 a
15950 21128 269 80 birth
16261 21137 194 94 day
16498 21146 298 90 party
16871 21142 184 99 giv-

14457 21246 123 61 en
14622 21231 99 71 in
14764 21227 321 80 honor
15109 21231 104 71 of
15255 21231 170 76 the
15463 21231 354 76 Misses
15860 21227 302 85 Sarah
16205 21241 194 71 and
16441 21236 269 85 Mary
16753 21241 364 99 Effort,

14461 21331 76 76 it
14580 21331 307 99 being
14920 21335 274 76 their
15231 21331 203 80 14th
15496 21331 501 99 birthday,
16106 21331 624 90 Theannual
16809 21359 260 66 meet-

14461 21435 170 94 ing
14674 21430 104 80 of
14839 21435 170 76 the
15047 21435 444 76 Masonic
15567 21439 383 76 Mutual
15992 21439 194 80 Aid
16266 21444 666 99 Association,
17003 21444 113 85 ot

14461 21539 28 61 t
14518 21543 118 61 lie
14674 21534 269 76 State
14972 21534 99 76 of
15137 21539 694 90 Connecticut,
15874 21539 236 76 held
16181 21553 99 66 at
16318 21539 449 85 Masonic
16843 21548 279 94 Dall,

14461 21628 666 99 Wednesday,
15175 21633 198 76 Dec
15406 21628 132 99 27,
15586 21652 198 57 was
15822 21652 194 57 one
16054 21638 104 71 of
16195 21638 170 76 the
16436 21661 246 57 most
16734 21647 331 90 impor-

14461 21732 222 76 tant
14740 21728 109 80 in
14887 21732 180 80 the
15109 21732 387 99 history
15529 21732 113 80 of
15709 21732 175 85 the
15950 21751 737 85 organization.
16833 21746 298 80 After

14461 21841 180 71 the
14707 21836 416 94 general
15217 21841 402 76 routine
15709 21841 104 76 of
15883 21841 496 94 business,
16469 21850 458 76 revision
16998 21850 113 80 ot

14466 21935 175 71 the
14750 21935 430 90 by-laws
15293 21954 203 52 was
15605 21940 293 71 made
15997 21940 198 71 and
16261 21945 472 94 adopted,
16838 21950 274 76 after

14471 22030 331 76 which
14849 22030 175 76 the
15061 22030 534 104 following
15671 22035 482 76 brethren
16195 22054 269 61 were
16507 22044 387 76 elected
16961 22044 175 80 for

14466 22134 175 80 the
14683 22134 435 99 ensuing
15161 22153 283 80 year:
15487 22139 331 80 Isaiah
15865 22134 387 94 Butler,
16294 22143 576 104 president;
16946 22143 146 90 W.

14471 22233 553 104 Singleton,
15071 22243 222 76 vice
15331 22243 572 94 president;
15940 22238 222 85 Win
16200 22243 99 80 T.
16351 22243 402 99 Efforts,
16800 22271 274 61 treas-

14471 22356 288 71 urer;
14830 22337 109 80 C.
15024 22337 94 80 J.
15198 22337 496 90 Hazzard,
15765 22356 543 85 secretary.
16483 22351 208 76 The
16772 22356 345 94 newly

14471 22441 387 76 elected
14896 22441 397 76 officers
15340 22455 265 66 were
15647 22446 236 76 then
15931 22446 472 80 installed
16441 22446 123 99 by
16611 22455 170 76 the
16828 22450 274 80 retir-

14471 22540 184 94 ing
14717 22540 335 90 board,
15099 22545 572 99 consisting
15737 22545 104 76 of
15917 22545 113 76 A.
16072 22545 444 94 Cornell,
16587 22554 543 99 president

14471 22639 203 76 and
14731 22639 213 76 Wm
14991 22644 567 90 Cummins,
15619 22654 543 85 secretary.
16271 22644 298 85 Snort
16635 22658 510 76 soeechea

14476 22757 184 61 we.
14698 22757 52 61 e
14792 22743 293 76 made
15128 22743 123 99 by
15293 22743 170 80 the
15501 22743 397 80 officers
15940 22743 293 85 elect.
16361 22753 369 99 Ample
16762 22753 387 104 justice

14476 22861 208 61 was
14754 22852 265 76 done
15061 22843 170 85 the
15302 22847 411 104 elegant
15780 22843 439 104 banquet
16285 22866 501 90 prepared
16866 22861 118 104 by
17060 22857 80 85 L

14476 22942 109 80 W
14669 22951 283 90 Koss,
14995 22951 231 80 who
15265 22965 208 66 was
15515 22951 364 104 highly
15926 22956 808 104 complimented
16767 22965 161 85 tor
16980 22965 175 85 his.

14476 23055 406 80 cuisine
14920 23050 326 94 effort.
