18576 24963
1342 1106 534 156 THE
1946 1101 524 156 NEW
2528 1101 657 156 YORK
3246 1101 784 156 GLOBE

1488 1488 236 76 THF
1767 1488 265 71 NEW
2083 1488 312 71 lUtux
2433 1493 364 71 OEOBE
2863 1488 80 71 Is
3005 1488 463 90 published
3529 1502 265 76 every
3822 1488 260 71 Satur

1389 1611 180 90 Day
1630 1616 90 71 at
1786 1611 165 80 No.
2008 1616 47 71 4
2121 1611 411 85 Cedar-st,
2603 1611 274 76 Boom
2943 1611 109 80 15,
3085 1611 113 90 hy
3222 1611 345 90 George
3600 1611 350 80 Parker,
3983 1611 104 71 T.

1389 1734 397 80 Thomas
1843 1734 387 76 Fortune
2291 1734 170 76 and
2528 1734 132 76 W.
2721 1734 340 76 Walter
3118 1734 449 90 Sampson,
3600 1734 283 71 under
3935 1734 156 76 the

1384 1861 217 76 arm
1639 1876 250 57 name
1928 1861 94 71 of
2055 1861 354 71 George
2443 1857 364 76 Parker
2830 1861 76 71 &
2939 1857 156 76 Co.

1498 2017 227 76 ALL
1762 2013 543 76 BUSINESS
2339 2017 789 71 communications
3156 2013 312 76 should
3496 2017 109 71 be
3643 2013 454 76 addressed

1384 2145 123 71 to
1531 2140 364 76 Gbobgb
1932 2140 364 76 Parker
2320 2140 76 71 &
2424 2140 189 85 Co.,
2646 2135 165 80 No.
2854 2140 43 76 4
2920 2135 430 90 Cedar-st,
3411 2135 279 80 Boom
3742 2135 109 85 15,
3883 2135 213 76 New

1398 2258 298 85 Tock.

1498 2419 156 80 All
1672 2419 789 80 communications
2480 2419 416 80 Intended
2910 2419 146 80 for
3076 2414 572 99 publication,
3666 2414 165 76 and
3855 2414 255 76 other

1417 2556 378 66 matters
1857 2546 373 85 relating
2287 2556 94 66 to
2447 2546 151 76 the
2660 2556 208 61 tone
2929 2546 165 71 and
3161 2546 293 80 policy
3487 2546 94 66 of
3643 2542 151 71 the
3827 2556 269 71 paper

1436 2669 312 76 should
1781 2665 113 76 be
1951 2665 454 71 addressed
2443 2669 90 71 to
2565 2665 151 76 the
2764 2665 326 85 editor,
3128 2660 99 80 T.
3260 2660 369 76 Thomas
3694 2660 416 76 Foktumb

1422 2787 180 85 So.
1635 2792 43 76 4
1710 2792 416 85 Cedar-st,
2164 2787 274 80 Room
2476 2792 109 85 15,
2617 2787 217 80 New
2877 2787 269 80 York.

1517 2915 383 76 Entered
1932 2924 90 61 at
2050 2915 151 76 the
2235 2915 487 71 Post-office
2764 2915 90 66 in
2887 2915 213 66 New
3128 2910 246 71 York
3402 2915 198 85 City
3624 2929 94 52 as
3751 2910 312 71 Second-

1413 3033 241 76 «taM
1687 3033 350 76 Matter.

1521 3194 789 80 ADVERTISING
2343 3194 879 90 RATES.—Straight
3246 3198 350 76 matter,
3628 3194 38 66 5
3694 3194 250 66 cents
3969 3203 156 76 per

1446 3321 194 80 Ine,
1706 3326 246 76 agate
2017 3335 430 52 measure.
2542 3321 340 80 Special
2948 3317 161 71 and
3175 3317 359 80 reading
3609 3317 369 76 notices,
4044 3307 85 71 10

1422 3449 265 66 aents
1720 3458 156 76 per
1909 3439 213 76 Une.
2211 3435 420 94 Marriage
2655 3435 359 85 notices,
3033 3435 265 76 death
3321 3435 345 76 notices
3694 3425 165 80 and
3888 3425 241 76 birth

1436 3567 378 71 aotlce*.
1852 3567 80 66 25
1965 3567 250 66 cents
2249 3557 246 76 each.
2584 3557 132 76 No
2750 3557 345 90 Special
3128 3557 288 71 Rates.

1550 3676 789 80 ADVERTISING
2386 3671 671 85 CONTRACTS
3099 3676 142 71 for
3274 3671 227 76 THE
3543 3666 364 80 GLOBE
3935 3680 194 76 may

1450 3803 128 85 be
1639 3803 250 80 made
1956 3803 373 90 through
2395 3803 222 80 THE
2665 3803 302 76 AZRO
3038 3794 293 85 GOFF
3378 3794 524 94 Newspaper
3964 3789 113 80 Ad-

1450 3935 439 80 wertising
1928 3935 383 80 Agency,
2343 3935 132 66 ISO
2509 3931 491 80 Nassau-st.,
3052 3926 213 71 New
3302 3926 269 76 York,
3605 3940 99 52 or
3732 3921 217 71 with
3978 3921 151 66 the

1455 4049 208 71 arm
1696 4049 321 71 direct.

1465 4280 302 80 NEW
1838 4280 369 80 YORK.
2296 4276 704 80 SATURDAY.
3061 4266 600 85 JANUARY
3732 4266 80 90 6,
3907 4257 189 80 1883.

1606 4554 439 104 Colored
2126 4587 236 71 men
2438 4554 113 104 of
2631 4550 255 104 New
2976 4545 335 123 York,
3392 4535 387 109 behold
3865 4535 269 104 Bill

1450 4724 548 99 Freeman
2079 4724 208 99 and
2367 4720 161 99 his
2575 4715 534 104 iron-clad
3156 4710 661 128 Republican
3865 4710 175 94 Col-

1469 4894 274 104 ored
1828 4890 420 132 County
2329 4890 619 99 Committee
3014 4880 553 128 accepting
3647 4904 137 71 an
3827 4876 302 94 office

1474 5060 302 109 from
1866 5060 184 99 the
2135 5055 643 104 democratic
2887 5046 359 109 sheriff
3293 5046 118 99 of
3501 5041 250 104 New
3841 5036 298 104 York

1469 5235 487 132 County,
1994 5268 128 66 as
2211 5268 66 66 a
2362 5225 397 109 reward
2844 5230 170 99 for
3099 5220 189 104 the
3340 5220 66 52 “
3444 5216 359 132 manly
3855 5211 227 104 inde-

1469 5400 661 137 pendence”
2187 5395 543 132 displayed
2778 5391 142 132 by
2967 5391 184 99 the
3184 5381 416 104 colored
3633 5391 345 90 voters
4030 5381 113 99 at

1465 5570 217 104 the
1772 5570 595 104 November
2461 5565 472 104 election.
3076 5556 198 104 We
3354 5551 335 104 thank
3761 5551 383 104 Sheriff

1479 5735 572 104 Davidson
2145 5735 165 94 for
2400 5726 184 104 the
2669 5726 737 132 appointment
3454 5721 113 94 of
3619 5754 61 66 a
3732 5717 416 99 colored

1469 5906 425 137 deputy
1932 5906 373 109 sheriff
2353 5901 250 137 (and
2641 5906 170 99 for
2844 5901 180 104 the
3076 5896 293 109 three
3402 5896 255 132 keg§
3709 5891 109 109 of
3865 5891 288 132 lager

1498 6080 255 99 beer
1843 6094 104 85 to
2060 6076 293 104 wash
2471 6071 180 99 the
2764 6071 732 132 appointment
3567 6066 302 99 down
3964 6066 180 94 the

1474 6250 439 104 throats
1989 6250 118 99 of
2197 6246 180 104 the
2466 6246 628 132 obsequious
3184 6236 690 128 committee);
3954 6231 198 104 but

1488 6416 260 109 how
1819 6416 170 104 Mr
2083 6416 548 99 Davidson
2721 6444 288 71 came
3061 6416 109 94 to
3222 6406 217 104 find
3491 6435 203 104 any
3746 6402 71 47 “
3865 6402 231 99 inde-

1498 6591 543 137 pendence
2083 6591 66 52 ”
2244 6591 109 99 in
2443 6586 184 104 the
2717 6576 780 137 jumping-jack
3614 6576 543 104 chairman

1488 6761 231 104 and
1767 6761 175 109 the
1975 6756 780 109 knuckle-close
2797 6756 506 104 members
3335 6746 109 109 of
3496 6742 161 104 his
3690 6728 472 123 stalwart

1488 6945 439 123 County
1965 6935 619 104 Committee
2631 6969 241 90 may
2920 6931 359 128 puzzle
3369 6959 283 66 some
3742 6926 113 99 of
3950 6954 194 66 our

1474 7101 487 118 readers,
2017 7101 194 94 but
2254 7124 146 66 we
2452 7124 170 66 are
2674 7101 180 90 not
2943 7087 562 128 surprised.
3647 7082 194 99 We
3874 7115 269 66 were

1488 7290 213 94 not
1743 7271 487 132 ignorant
2263 7271 113 109 of
2443 7266 180 109 the
2679 7266 222 104 fact
2967 7257 241 113 that
3279 7252 265 113 Bill
3633 7252 520 113 Freeman

1507 7450 222 104 had
1819 7446 364 99 struck
2258 7479 61 66 a
2409 7446 435 123 bargain
2920 7436 250 99 with
3265 7436 180 99 the
3539 7431 628 99 democratic

1507 7649 567 94 .managers
2121 7611 307 104 while
2476 7611 180 99 the
2702 7611 208 99 late
2957 7635 439 76 canvass
3444 7635 208 66 was
3718 7602 109 99 in
3902 7630 175 104 pro-

1507 7814 345 109 gress,
1951 7781 208 104 and
2244 7791 241 90 that
2551 7809 208 71 was
2830 7805 198 71 one
3071 7776 113 99 of
3231 7772 175 99 the
3454 7800 425 71 reasons
3931 7767 236 123 why

1517 7989 165 71 we
1720 7956 411 128 spewed
2178 7951 217 99 him
2443 7961 184 85 out
2674 7980 113 71 as
2835 7975 113 71 so
2995 7946 321 99 much
3411 7942 746 128 putrefaction.

1512 8121 425 128 During
1984 8117 170 99 the
2206 8112 203 104 late
2461 8112 435 99 election
2953 8140 146 71 we
3146 8107 302 104 acted
3501 8107 477 132 squarely
4030 8135 132 71 on

1498 8296 213 109 the
1753 8291 354 109 merits
2154 8291 118 99 of
2320 8287 175 104 the
2542 8282 888 109 candidates—we
3477 8282 458 132 opposed
3987 8291 180 90 the

1521 8466 628 104 fraudulent
2197 8457 609 132 republican
2854 8457 633 118 candidates,
3553 8457 194 94 but
3803 8480 146 71 we
3983 8447 180 99 did

1507 8646 222 99 not
1824 8631 321 109 strike
2211 8627 340 109 hands
2641 8627 255 104 with
2967 8627 180 104 the
3217 8627 619 132 democracy
3888 8627 170 99 for
4110 8655 66 71 a

1512 8811 402 99 crumb
1984 8811 113 99 of
2164 8802 288 104 office
2528 8835 113 66 or
2707 8825 420 104 money;
3208 8802 194 99 but
3496 8797 265 99 Bill
3827 8792 279 104 Fbeb-

1535 9005 236 80 man
1824 8976 274 128 (who
2150 8976 227 104 said
2419 9005 151 71 we
2622 8972 208 104 had
2877 8972 265 104 done
3189 8972 156 128 so)
3416 8967 383 128 shows,
3883 8967 302 104 when

1488 9156 241 99 4the
1772 9151 364 104 smoke
2178 9156 118 94 of
2348 9146 326 104 battle
2721 9146 189 99 has
2962 9142 378 132 passed
3383 9175 331 104 away,
3765 9142 241 104 that
4054 9142 128 99 he

1531 9321 109 104 is
1729 9321 184 99 the
2003 9317 307 99 black
2400 9317 378 118 Judas,
2839 9321 184 90 not
3099 9312 236 99 The
3411 9312 373 99 Globe
3831 9312 359 99 editor.

1564 9487 279 104 Who
1894 9482 529 109 screamed
2466 9477 369 104 louder
2877 9477 170 104 for
3094 9482 175 99 the
3364 9477 279 137 dirty
3742 9477 402 137 republi-

1531 9690 213 76 can
1861 9657 600 104 candidates
2575 9657 109 94 in
2754 9657 184 99 the
3028 9657 591 94 November
3732 9657 439 94 election

1554 9822 274 99 than
1918 9813 269 104 Bill
2301 9817 520 99 Freeman
2939 9813 208 99 and
3255 9813 165 99 his
3553 9813 657 99 committee?

1564 9992 279 109 Who
1894 10025 227 71 now
2173 9987 293 104 takes
2518 9987 628 104 democratic
3231 9987 298 104 office
3576 9987 255 99 with
3931 10020 279 71 more

1540 10157 482 128 'dinking
2065 10157 425 123 alacrity
2532 10157 265 99 than
2844 10157 302 123 they?
3283 10157 326 123 Away
3661 10153 246 99 with
3954 10186 241 94 you,

1540 10361 227 104 you
1861 10332 652 99 treacherous
2608 10318 534 109 Benedict
3231 10323 501 104 Arnolds
3822 10323 113 104 of
4025 10323 184 104 the

1554 10498 321 104 black
1975 10502 340 94 voters
2400 10493 109 99 of
2603 10493 255 99 New
2929 10493 335 99 York!
3406 10493 104 99 If
3567 10493 175 99 the
3789 10493 420 104 colored

1559 10677 350 90 voters
1961 10668 104 99 of
2117 10668 250 99 New
2419 10663 293 99 York
2750 10668 487 94 continue
3288 10672 109 90 to
3449 10668 369 118 permit
3865 10668 279 94 them-

1550 10828 345 104 selves
1989 10833 109 99 to
2164 10828 132 104 be
2362 10824 402 137 bought
2811 10824 208 109 and
3061 10824 227 109 sold
3340 10828 137 137 by
3529 10833 255 99 such
3846 10861 61 71 a
3950 10857 255 76 man

1550 11036 128 76 as
1724 11008 515 99 Freeman
2287 11003 189 99 has
2523 11003 359 99 shown
2934 11003 420 99 himself
3406 11013 104 90 to
3562 11003 123 99 be
3737 11003 250 118 they
4020 11003 123 99 de-

1526 11197 321 71 serve
1899 11178 99 85 to
2046 11169 128 94 be
2220 11164 175 94 the
2443 11164 246 94 butt
2721 11164 123 94 of
2887 11164 430 99 ridicule
3364 11164 208 99 and
3619 11173 591 123 contempt.

1531 11334 312 137 They
1894 11334 369 104 should
2343 11372 274 99 spew
2693 11334 170 104 the
2915 11339 203 104 vile
3213 11339 539 132 hypocrite
3850 11348 189 94 out
4106 11343 104 99 of

1521 11509 298 99 their
1890 11509 463 123 mouths;
2457 11504 146 99 let
2688 11504 288 99 them
3066 11504 288 99 show
3430 11504 231 99 that
3709 11504 255 128 they
4020 11537 170 66 are

1521 11674 425 123 honest,
2003 11674 350 132 manly
2443 11707 274 66 men.
2858 11669 406 104 Behold
3335 11674 265 99 Bill
3657 11674 524 104 Freeman

1294 11887 142 24 —
1951 11877 52 57 a
2046 11839 628 99 democratic,
2702 11839 288 99 office
3033 11844 170 99 for
3246 11872 57 71 a
3359 11839 463 99 member
3860 11844 118 99 of
4039 11839 165 104 his

1469 11934 789 113 knuckle-close
2306 11948 633 109 committee!
3080 11934 411 128 Behold
3557 11957 184 104 the
3817 11962 302 109 mask

1474 12118 250 90 torn
1772 12118 274 90 from
2093 12118 175 94 the
2310 12123 723 99 contortioned
3076 12128 350 128 visage
3477 12132 113 94 of
3638 12132 180 99 the
3865 12165 170 99 rep-

1465 12283 643 104 resentative
2159 12283 335 137 Negro
2542 12288 113 109 of
2702 12288 250 109 New
3005 12293 331 113 York!
3402 12298 430 109 Colored
3883 12340 236 71 men

1479 12454 132 99 of
1696 12454 260 99 New
2003 12454 331 123 York,
2381 12491 246 94 gaze
2717 12496 283 94 upon
3090 12468 180 99 the
3345 12477 600 99 straw-man
3992 12477 128 99 of

1479 12652 293 99 your
1800 12652 529 99 generous,
2395 12661 255 90 your
2688 12633 666 109 affectionate
3402 12643 482 109 creation.

1625 12888 241 104 Hon
1984 12893 359 99 Perry
2461 12898 491 104 Belmont
3043 12935 208 66 was
3364 12912 496 104 tendered
3954 12917 175 104 the

1488 13058 354 99 honor
1890 13063 113 94 of
2050 13096 57 66 a
2154 13063 354 123 public
2556 13068 364 99 dinner
3000 13082 109 90 at
3189 13072 694 109 Delmonico’s
3931 13082 198 104 list

1502 13224 331 128 ■week,
1894 13228 203 104 and
2150 13266 57 66 a
2249 13238 293 128 great
2589 13233 227 109 deal
2906 13238 113 104 of
3109 13238 647 113 Democratic
3808 13257 265 99 senti-

1502 13413 302 85 ment
1894 13389 331 109 found
2320 13403 132 99 its
2546 13436 222 99 way
2863 13408 217 99 into
3175 13413 175 99 the
3435 13446 694 109 newspapers.

1507 13559 326 109 From
1951 13564 283 109 what
2348 13602 146 76 we
2589 13569 307 109 could
2995 13578 496 137 discover,
3614 13587 515 137 however,

1498 13743 458 128 nothing
2008 13781 203 66 was
2263 13748 222 99 said
2537 13748 231 104 that
2811 13748 189 104 has
3052 13776 180 80 not
3298 13762 250 99 been
3605 13767 227 99 said
3907 13772 222 118 just

1479 13937 142 76 as
1691 13861 770 184 appropriately
2513 13913 392 109 before.
3052 13918 165 109 Mr
3283 13923 506 109 Belmont
3888 13937 241 109 does

1483 14088 203 99 not
1734 14079 241 109 look
2022 14088 250 104 with
2324 14088 307 104 favor
2721 14126 132 71 on
2948 14093 175 109 the
3217 14112 477 123 proposal
3784 14117 109 94 to
3945 14150 113 66 en-

1469 14254 302 137 large
1866 14258 175 109 the
2140 14258 515 142 efficiency
2750 14268 104 99 of
2939 14268 180 104 the
3208 14272 392 104 federal
3709 14301 402 109 courts,

1465 14428 213 104 but
1724 14428 364 104 thinks
2140 14433 236 99 that
2466 14438 85 94 it
2594 14438 350 99 would
3028 14438 128 99 be
3250 14443 335 104 better
3676 14452 165 99 for
3931 14457 175 94 the

1479 14608 274 90 next
1843 14598 638 109 democratic
2546 14631 487 94 congress
3113 14617 109 94 to
3302 14608 633 137 thoroughly
3983 14627 104 99 in-

1294 14797 61 33 '
1465 14769 539 132 vestigate
2055 14773 180 99 the
2282 14787 420 118 present
2787 14778 524 99 condition
3359 14787 118 99 of
3524 14783 175 104 the
3737 14792 397 104 federal

1450 14948 425 113 ’Courts,
1932 14939 250 99 with
2235 14976 57 66 a
2343 14943 260 99 view
2655 14962 109 80 to
2835 14953 694 128 ascertaining
3581 14957 548 104 “whether

1469 15137 137 71 or
1654 15132 180 76 not
1880 15104 260 104 such
2178 15104 628 132 legislation,
2854 15109 335 104 which
3227 15113 189 104 has
3444 15151 113 66 so
3609 15123 524 109 increased

1469 15269 198 104 the
1757 15274 661 128 jurisdiction
2537 15274 208 104 and
2839 15279 288 99 work
3222 15283 109 99 of
3444 15283 180 104 the
3718 15288 416 118 federal

1474 15454 373 90 courts
1894 15449 109 90 to
2055 15439 175 99 the
2277 15439 836 128 disparagement
3156 15449 113 99 of
3359 15454 184 99 the
3624 15468 359 94 courts
4030 15458 109 104 of

1469 15609 198 104 the
1720 15609 392 109 several
2187 15619 369 123 states,
2608 15624 383 94 cannot
3061 15619 128 99 be
3269 15628 624 123 repealed.”
4039 15633 104 104 It

1465 15784 104 99 is
1658 15780 227 128 just
1989 15780 246 104 here
2343 15784 236 99 that
2669 15789 180 99 the
2962 15784 633 113 democratic
3690 15808 312 123 party
4049 15803 85 99 is

1465 15945 345 132 likely
1899 15954 113 94 to
2112 15950 279 128 “slip
2476 15950 255 132 up.”
2868 15954 99 99 A
3057 15964 298 123 great
3454 15964 227 104 deal
3761 15973 118 94 of
3954 15973 180 99 the

1479 16115 600 137 legislation
2131 16120 340 99 which
2546 16120 189 104 has
2820 16120 487 137 enlarged
3397 16129 175 104 the
3661 16167 307 99 scope
4020 16143 118 99 of

1465 16285 208 104 the
1791 16290 397 99 federal
2291 16285 524 132 judiciary
2910 16294 85 99 is
3080 16294 581 128 dangerous
3775 16309 213 99 and
4077 16346 66 71 a

1474 16465 307 123 great
1828 16455 236 109 deal
2107 16460 113 99 of
2272 16460 80 99 it
2391 16460 85 104 is
2504 16460 487 109 essential
3019 16469 109 94 to
3151 16498 61 66 a
3241 16498 184 99 pro
3439 16498 180 99 per
3638 16474 449 132 interpre-

1455 16630 369 99 tation
1876 16630 113 99 of
2041 16630 180 99 the
2254 16630 156 132 rig
2452 16644 137 85 its
2636 16635 118 94 of
2792 16635 180 99 the
3019 16635 402 104 United
3510 16639 345 104 States
3931 16644 208 109 and

1460 16795 142 104 of
1668 16795 180 104 the
1932 16800 397 99 several
2424 16809 364 113 states,
2863 16800 213 104 and
3123 16800 298 104 when
3515 16805 180 104 the
3789 16809 279 104 demo-

1446 16965 359 94 jcratic
1852 16984 307 109 party
2211 16994 643 71 commences
2901 16975 113 90 to
3057 16970 770 128 descriminate,
3883 16980 90 99 if
4054 16984 85 94 it

1474 17126 99 109 is
1620 17135 189 94 not
1861 17159 246 109 very
2154 17131 439 118 careful,
2646 17135 85 99 it
2778 17131 208 109 will
3038 17131 751 113 descriminate
3855 17140 288 113 itself

1469 17310 208 90 out
1710 17306 118 94 of
1876 17334 378 94 power.
2400 17306 217 94 The
2665 17310 411 123 ground
3123 17310 85 94 is
3255 17310 619 123 dangerous.

1620 17570 231 109 The
1899 17580 591 128 unanimity
2546 17580 246 99 with
2844 17580 335 104 which
3217 17584 180 99 the
3444 17598 354 90 senate
3855 17622 227 99 pass-

1469 17740 151 99 ed
1668 17740 180 99 the
1894 17740 241 99 civil
2187 17745 383 94 service
2617 17745 189 94 bill
2839 17745 605 104 commends
3482 17754 288 99 itself
3798 17764 109 90 to
3959 17759 184 99 the

1483 17906 373 137 people
1928 17910 109 104 of
2083 17910 180 104 the
2343 17920 487 128 country,
2910 17920 231 99 who
3236 17924 898 132 unconditionally

1474 18076 463 99 demand
1989 18080 170 94 the
2235 18085 581 94 correction
2891 18085 118 94 of
3099 18085 265 99 evils
3458 18090 208 99 and
3765 18094 378 104 abuses

1446 18246 378 113 ’which
1876 18250 265 113 have
2183 18250 331 113 found
2565 18255 269 109 their
2887 18288 231 104 way
3165 18260 227 109 into
3472 18265 184 104 the
3709 18269 425 104 service.

1465 18425 236 94 The
1753 18430 529 118 provision
2329 18430 104 90 in
2480 18425 184 94 the
2707 18425 189 94 bill
2967 18430 335 90 which
3378 18435 477 123 provides
3902 18435 241 94 that

1465 18619 435 104 persons
1946 18586 307 132 given
2306 18591 109 104 to
2461 18586 520 109 excessive
3028 18586 307 113 drink
3406 18595 269 109 shall
3761 18605 184 99 not
4016 18600 128 109 be

1460 18756 553 128 employed
2060 18761 109 94 in
2216 18756 175 99 the
2443 18761 387 94 service
2877 18765 85 94 is
3057 18794 66 66 a
3208 18798 250 94 very
3553 18775 246 90 wise
3893 18803 241 90 one,

1465 18921 222 109 and
1734 18921 208 109 will
1994 18921 128 109 be
2169 18921 614 132 productive
2830 18926 113 113 of
3033 18931 317 109 much
3444 18935 312 128 good.
3898 18940 227 109 The

1479 19096 397 99 fixture
1923 19106 118 90 of
2088 19110 364 85 tenure
2499 19106 524 123 provision
3076 19106 85 94 is
3227 19124 189 76 not
3458 19134 118 66 so
3624 19139 444 71 commen-

1455 19261 359 109 dable.
1961 19261 99 113 It
2098 19299 236 104 may
2376 19261 288 113 work
2702 19266 482 109 mischief
3231 19271 104 109 in
3387 19266 180 113 the
3609 19276 250 137 long
3893 19318 236 71 run.

1469 19436 222 99 But
1734 19474 142 61 on
1923 19441 180 99 the
2150 19441 331 94 whole
2532 19441 175 99 the
2792 19441 184 99 bill
3071 19474 109 66 as
3279 19450 373 123 passed
3732 19450 137 128 by
3959 19455 180 99 the

1446 19616 387 99 senate
1880 19606 208 109 will
2126 19639 236 104 pass
2457 19616 435 128 muster,
2986 19606 213 113 and
3293 19611 175 109 the
3548 19620 586 132 unanimity

1455 19786 269 99 with
1776 19786 340 94 which
2159 19791 85 90 it
2296 19791 369 118 passed
2712 19786 231 99 that
2991 19791 279 123 body
3302 19795 340 94 shows
3690 19795 241 94 that
3954 19800 184 94 the

1455 19946 600 137 legislators
2102 19946 118 109 of
2268 19942 180 109 the
2494 19946 373 137 people
2929 19980 180 76 are
3137 19961 184 94 not
3369 19951 605 113 unmindful
4020 19961 123 104 of

1446 20121 208 99 the
1720 20121 444 132 popular
2254 20126 288 94 voice
2636 20126 298 94 when
3024 20131 85 94 it
3198 20131 85 94 is
3378 20131 435 99 aroused
3907 20135 208 94 and

1446 20282 387 109 makes
1857 20287 137 99 its
2022 20282 605 104 commands
2674 20287 109 99 in
2844 20287 180 99 the
3080 20315 373 104 proper
3524 20291 345 128 spirit.

1597 20561 142 99 R.
1833 20561 359 94 Henri
2287 20561 515 99 Herbert
2877 20561 189 99 has
3156 20561 231 99 sold
3435 20565 180 94 the
3661 20565 463 99 Trenton

1436 20721 510 113 Sentinel
2036 20731 109 99 to
2235 20721 128 109 T.
2424 20721 123 109 F.
2631 20721 713 132 Fitzgerald,
3425 20726 180 104 the
3671 20726 458 109 Trenton

1474 20901 841 128 correspondent
2357 20901 118 99 of
2523 20896 180 99 the
2754 20896 255 99 New
3061 20896 293 104 York
3402 20901 444 128 Herald,
3926 20906 203 99 and

1474 21071 501 113 Andrew
2027 21066 146 104 M.
2268 21066 435 104 Clarke
2754 21066 180 99 the
2981 21066 274 104 local
3335 21066 335 104 editor
3746 21076 118 99 of
3954 21071 175 104 the

1455 21208 487 104 Trenton
1998 21208 288 99 State
2343 21198 449 109 Gazette.
2901 21203 104 104 It
3057 21203 198 104 will
3312 21208 123 99 be
3482 21208 350 104 issued
3883 21217 246 94 next

1441 21345 468 128 Sunday
1956 21373 113 71 as
2121 21378 61 66 a
2230 21340 231 104 first
2551 21340 274 104 class
2910 21340 435 132 Sunday
3392 21373 350 99 paper.
3893 21345 99 99 It
4044 21350 85 94 is

1479 21482 657 104 understood
2187 21477 236 99 that
2461 21472 203 104 Mr.
2740 21472 520 99 Herbert
3307 21472 213 99 will
3567 21477 335 99 retain
3992 21510 137 66 an

1455 21619 454 99 interest
1951 21609 113 99 in
2112 21609 180 99 the
2343 21638 321 104 paper
2712 21605 331 104 under
3090 21605 180 99 the
3321 21638 222 71 new
3643 21643 416 94 manage-

1460 21756 350 94 ment.

1620 22016 227 109 The
1923 22011 331 109 editor
2301 22016 113 99 of
2461 22011 236 104 The
2745 22006 364 104 Globe
3189 22011 85 99 is
3369 22011 180 99 the
3628 22006 506 137 recipient

1474 22157 128 104 of
1658 22191 61 71 a
1767 22167 161 90 set
1970 22153 118 104 of
2135 22153 425 104 Ward’s
2608 22153 71 47 “
2721 22148 444 128 English
3217 22143 430 128 Poets,”
3732 22143 104 104 in
3883 22148 250 104 four

1479 22294 591 99 handsome
2159 22290 510 118 volumes,
2811 22285 557 128 presented
3458 22313 118 71 as
3713 22313 61 66 a
3869 22271 255 113 New

1474 22427 383 104 Year’s
1909 22431 425 123 present
2428 22422 137 132 by
2665 22417 227 104 Rev
2943 22417 359 99 Peter
3392 22417 128 99 A.
3619 22408 506 132 Morgan,

1488 22564 402 109 Rector
1965 22564 113 99 of
2169 22559 156 104 St.
2433 22554 690 132 Augustine’s
3208 22554 123 99 P.
3430 22554 128 99 E.
3657 22550 463 128 Church,

1294 22762 28 90 (
1469 22696 586 132 Brooklyn.
2202 22691 227 104 The
2523 22696 335 99 editor
2934 22691 113 104 of
3137 22687 236 99 The
3444 22687 364 104 Globe
3912 22691 213 99 will

1323 22852 85 132 \
1469 22866 331 76 never
1843 22847 175 118 get
2065 22861 331 99 angry
2433 22828 260 99 with
2740 22828 170 104 his
2957 22824 397 104 friends
3402 22824 165 99 for
3657 22833 406 123 present-

1436 22975 231 132 ing
1715 22984 104 90 to
1871 22975 217 99 nim
2183 22965 184 104 the
2466 22961 335 104 works
2887 22965 118 99 of
3094 22956 510 109 standard
3647 22956 472 104 authors.

1488 23112 260 99 Rev.
1809 23107 165 104 Mr
2022 23107 477 104 Morgan
2546 23098 189 104 has
2787 23131 194 66 our
3005 23098 397 104 thanks
3458 23098 175 99 for
3680 23088 165 109 his
3879 23126 246 90 very

1465 23244 501 128 Valuable
2008 23239 217 113 and
2268 23235 354 109 useful
2669 23249 420 128 present
3137 23244 109 90 to
3298 23263 161 76 us.

4431 1139 690 118 BOSTON
5202 1134 383 123 AND
5669 1134 260 118 ITS
6019 1129 713 118 PEOPLE.

4252 1398 860 104 Impressions
5178 1394 562 90 Gleaned
5783 1394 161 99 by
6014 1394 222 80 the
6283 1389 444 85 Editor
6808 1389 146 80 of

5197 1535 269 80 The
5565 1531 435 85 Globe.

4389 1677 454 128 Boston,
4937 1672 222 104 Dec
5235 1677 165 104 30.
5409 1668 529 109 —Boston
6033 1668 217 104 and
6340 1663 543 109 Massachu-

4266 1866 255 85 setts
4602 1880 175 71 are
4824 1880 718 99 synonymous
5622 1852 364 104 terms,
6043 1833 501 132 regarded
6595 1833 104 99 in
6770 1833 184 99 the

4266 2017 274 137 light
4587 2022 118 99 of
4753 2017 302 118 .their
5102 2013 784 137 people—their
5939 2003 359 104 liberal
6350 2003 605 118 sentiment,

4271 2192 269 99 their
4663 2187 477 132 pleasing
5244 2183 213 104 and
5551 2178 482 104 cultured
6128 2202 524 94 manners,
6751 2169 213 104 and

4276 2357 274 109 their
4606 2386 515 109 generous
5197 2357 364 99 efforts
5641 2357 113 99 to
5806 2343 302 113 make
6194 2381 61 71 a
6307 2367 477 109 stranger
6855 2348 109 94 at

4280 2532 302 99 home
4630 2532 260 99 with
4956 2532 298 94 them
5306 2523 208 104 and
5584 2523 369 99 theirs.
6099 2518 317 118 True,
6472 2513 246 128 they
6798 2542 165 66 are

4285 2698 312 109 much
4677 2698 213 109 like
4965 2731 132 71 an
5178 2702 387 132 oyster,
5622 2688 255 104 with
5976 2683 161 109 his
6208 2679 369 109 mouth
6676 2674 288 128 shut,

4285 2877 279 99 until
4611 2872 250 128 they
4918 2872 312 94 know
5277 2858 595 128 something
5920 2863 109 94 of
6099 2887 246 94 you,
6397 2858 198 90 but
6666 2849 307 99 when

4290 3038 241 142 they
4583 3038 269 109 have
4899 3033 468 137 weighed
5419 3061 246 104 you,
5721 3028 85 99 if
5854 3033 184 94 not
6090 3014 335 109 found
6468 3014 501 137 wanting,

4290 3213 255 132 they
4597 3213 241 99 take
4918 3236 203 99 you
5211 3222 104 80 to
5367 3203 265 99 their
5707 3231 317 66 warm
6071 3198 449 113 breasts,
6595 3194 222 123 just
6865 3222 113 66 as

4294 3378 85 104 if
4441 3406 213 104 you
4734 3402 265 76 were
5083 3359 676 113 home-folks.
5901 3359 255 109 This
6241 3359 85 104 is
6373 3364 231 94 true
6657 3354 109 99 of
6841 3350 142 104 all

4299 3548 387 142 clt^KS
4734 3543 208 99 and
5022 3543 312 113 sects,
5386 3539 198 94 but
5631 3529 312 104 much
6000 3534 288 90 truer
6321 3524 113 99 of
6506 3524 184 99 the
6732 3515 184 104 Bos-

4913 3704 236 104 who
5220 3704 90 104 is
5372 3704 180 99 the
5627 3694 709 109 embodiment
6416 3690 113 104 of
6609 3685 331 109 intelli-

4309 3831 1238 198 ^^^^^Limiability.
5693 3874 335 94 These
6080 3874 307 94 latter
6444 3902 165 61 are
6661 3865 269 94 excel-

4323 3992 1380 156 fl^^W^rersationalists
5854 4030 213 104 and
6208 4025 780 142 accomplished

4313 4224 439 104 musical
4805 4214 945 132 adepts—playing
5797 4205 624 132 artistically
6449 4205 213 99 and
6713 4205 222 128 sing-

4304 4394 184 128 ing
4531 4389 213 99 like
4791 4380 501 128 mocking
5339 4375 317 99 birds.
5802 4370 47 99 I
5901 4370 269 104 have
6222 4370 345 132 ample
6619 4394 369 76 reason

4309 4569 109 94 to
4465 4559 312 99 know
4828 4554 213 104 and
5093 4545 605 137 appreciate
5745 4545 293 99 these
6090 4545 317 123 facts,
6463 4540 170 104 for
6676 4535 52 109 I
6780 4569 213 76 was

4318 4729 175 99 the
4559 4748 307 109 guest
4909 4724 118 99 of
5098 4715 180 99 the
5320 4715 279 128 good
5665 4710 369 132 people
6080 4715 118 94 of
6265 4706 402 104 Boston
6718 4710 274 94 from

4309 4890 557 132 Thursday
4932 4885 487 128 morning
5513 4890 104 90 to
5712 4880 534 128 Saturday
6331 4880 454 123 evening
6874 4880 113 94 of

4309 5060 208 109 last
4564 5055 317 104 week.
5031 5050 156 109 On
5272 5050 180 104 the
5499 5046 236 109 Fall
5820 5046 321 104 River
6222 5055 444 94 steamer
6713 5046 279 104 from

4309 5235 255 99 New
4639 5230 298 109 York
4989 5235 109 94 to
5150 5225 496 128 Newport
5740 5220 47 99 I
5839 5220 449 128 enjoyed
6364 5216 184 104 the
6619 5249 317 94 conge-

4309 5400 222 104 nial
4573 5400 392 128 society
5017 5395 113 104 of
5197 5391 170 104 Mr
5414 5391 213 104 and
5674 5386 217 104 Mrs
5939 5386 227 104 Geo
6217 5381 123 109 T.
6425 5381 562 109 Downing.

5041 5589 562 85 Wendell
5674 5589 557 90 Phillips

4446 5735 151 99 At
4639 5731 180 104 the
4899 5726 279 104 head
5225 5726 118 104 of
5433 5726 506 99 Common
5995 5726 354 118 street,
6402 5721 109 99 in
6586 5750 61 76 a
6694 5712 307 104 small

4318 5910 298 104 brick
4663 5910 369 123 house,
5083 5934 283 99 upon
5419 5901 180 104 the
5650 5901 255 104 door
5953 5901 118 104 of
6165 5896 350 104 which
6567 5896 293 104 there
6907 5896 90 99 is

4328 6113 128 66 no
4507 6080 279 132 plate
4833 6085 109 90 to
5017 6071 189 99 tell
5272 6071 236 99 who
5556 6071 255 99 lives
5896 6066 406 123 within,
6354 6066 175 104 Mr
6576 6066 227 99 Geo
6855 6066 123 99 T.

4328 6250 520 104 Downing
4942 6241 208 104 and
5244 6236 387 132 myself
5717 6236 340 109 found
6165 6236 170 104 Mr
6449 6236 557 99 Wendell

4328 6416 534 128 Phillips,
4932 6411 265 104 than
5287 6406 350 104 whom
5759 6439 142 71 no
5972 6435 246 76 man
6340 6402 666 109 contributed

4332 6624 274 66 more
4654 6600 109 90 to
4857 6586 180 104 the
5083 6586 567 104 formatian
5750 6581 113 99 of
5957 6581 231 99 that
6241 6576 364 132 public
6694 6581 265 99 senti-

4332 6765 293 104 ment
4672 6751 345 113 which
5088 6751 595 109 eliminated
5778 6751 274 109 from
6142 6780 194 80 our
6411 6761 392 128 system
6898 6746 113 109 of

4332 6945 685 118 government
5060 6931 184 99 the
5310 6931 288 94 virus
5646 6931 113 94 of
5849 6931 449 123 slavery.
6444 6926 175 99 Mr
6694 6926 255 99 Phil-

4332 7124 222 66 lips
4606 7096 189 94 has
4843 7120 364 104 grown
5254 7087 175 104 old
5476 7091 109 99 in
5627 7091 279 123 good
5981 7087 373 128 works,
6411 7082 250 128 and,
6713 7115 113 71 as
6883 7082 128 99 he

4342 7266 420 113 himself
4833 7266 260 132 said,
5178 7266 184 104 the
5452 7266 302 104 circle
5825 7266 118 104 of
6038 7266 293 104 those
6420 7257 241 113 who
6751 7290 260 76 once

4337 7446 425 99 labored
4819 7446 246 99 with
5154 7436 260 128 him,
5466 7469 340 99 grows
5896 7436 609 128 constantly
6591 7431 420 104 smaller

4342 7644 113 71 as
4550 7611 175 104 the
4776 7644 298 99 years
5164 7611 194 99 roll
5452 7602 180 142 by.
5778 7606 213 104 But
6080 7606 241 104 that
6411 7602 288 123 eagle
6784 7635 227 99 eye,

4346 7781 302 104 those
4720 7781 335 132 heavy
5145 7781 373 123 brows,
5608 7776 236 104 that
5920 7776 411 104 Roman
6420 7805 288 94 nose,
6808 7776 208 99 and

4346 7956 231 99 that
4630 7956 312 99 silver
5031 7956 392 123 tongue
5471 7980 170 71 are
5735 7980 113 66 as
5953 7942 430 128 pristine
6477 7970 113 76 as
6685 7946 104 94 in
6841 7946 175 99 the

4346 8117 250 132 long
4644 8150 194 99 ago
4885 8112 302 104 when
5239 8112 463 132 howling
5750 8112 302 104 mobs
6094 8107 416 137 quailed
6562 8102 454 109 beneath

4356 8291 265 104 their
4668 8291 255 128 fiery
4970 8324 274 99 rage,
5282 8291 657 128 indignation
5986 8282 213 109 and
6246 8282 326 109 awful
6619 8282 335 104 denun-

4356 8466 416 99 ciation.
4918 8457 165 109 He
5126 8461 85 99 is
5306 8490 194 71 one
5546 8461 118 94 of
5754 8457 175 104 the
5976 8461 279 94 most
6350 8457 402 128 perfect
6850 8452 113 104 de-

4356 8631 652 137 velopments
5102 8631 118 104 of
5320 8660 194 76 our
5598 8622 1120 113 institutions—broad
6813 8627 165 104 cul-

4356 8816 274 113 ture,
4710 8802 496 132 masterly
5296 8806 605 128 eloquence,
5953 8802 567 113 expansive
6614 8830 350 99 sympa-

4361 8976 189 137 thy
4606 8976 203 104 and
4861 8976 194 104 full
5102 8976 109 104 of
5306 8972 529 109 Christian
5882 8967 728 104 benevolence.
6756 8967 208 109 Mas-

4370 9146 633 123 sachusetts,
5055 9180 283 66 more
5419 9146 265 99 than
5731 9175 208 99 any
5986 9142 307 104 other
6378 9146 274 99 state
6699 9142 109 99 in
6855 9142 184 104 the

4375 9312 392 123 Union,
4800 9312 194 99 has
5017 9317 307 128 given
5353 9345 128 66 us
5518 9345 307 85 many
5854 9345 241 66 men
6118 9312 118 99 of
6265 9312 208 99 lise
6506 9326 288 109 type,
6831 9312 213 99 and

4375 9477 180 109 the
4602 9477 454 109 tolerant
5121 9477 661 137 atmosphere
5830 9477 113 104 of
6028 9472 236 109 that
6312 9482 269 99 state
6628 9477 85 104 is
6798 9477 184 104 emi-

4380 9657 364 123 nently
4828 9657 449 123 adapted
5357 9666 109 85 to
5518 9652 180 99 the
5787 9647 742 132 development
6567 9657 123 94 of
6780 9652 265 99 such

4384 9817 307 104 noble
4743 9846 269 76 men.
5159 9813 326 109 What
5532 9846 66 76 a
5641 9813 331 123 grand
6019 9822 449 123 country
6520 9813 350 104 would
6917 9813 132 99 be

4384 10025 246 66 ours
4677 9992 85 99 if
4852 10025 146 66 we
5098 9992 213 104 had
5400 9992 699 132 thirty-eight,
6151 9992 416 99 instead
6647 9992 118 99 of
6855 10020 198 71 one

4389 10157 874 123 Massachusetts,
5353 10157 113 99 in
5542 10157 180 99 the
5802 10157 392 104 Union!
6335 10157 175 99 Mr
6557 10153 501 104 Phillips

4398 10323 189 104 has
4620 10328 198 104 but
4866 10328 463 132 recently
5376 10332 373 99 moved
5816 10328 222 99 into
6113 10323 510 123 tbnumon
6694 10337 359 118 street,

4398 10493 208 109 and
4654 10498 132 104 he
4828 10498 501 137 certainly
5381 10498 241 104 does
5707 10502 184 99 not
5943 10498 198 104 feel
6194 10507 113 94 at
6369 10498 302 104 home
6718 10498 331 104 there.

4398 10668 156 94 He
4644 10672 321 123 spoke
5050 10668 491 123 feelingly
5589 10672 118 94 of
5802 10668 161 94 his
6043 10668 180 99 old
6312 10668 350 118 home,
6718 10668 340 99 where

4394 10828 128 104 he
4620 10828 208 109 had
4918 10828 312 137 lived,
5310 10833 420 104 labored
5802 10833 208 104 and
6099 10828 312 109 loved
6506 10833 170 104 for
6770 10833 288 137 forty

4389 11036 335 94 years,
4781 11008 203 99 and
5036 11013 274 94 from
5362 11008 345 99 which
5754 11008 132 99 he
5939 11046 203 66 was
6194 11013 359 94 forced
6605 11013 142 123 by
6831 11008 227 99 that

4389 11169 425 99 onward
4866 11169 359 104 march
5272 11169 113 99 of
5485 11169 964 132 “improvement,”
6539 11169 184 109 the
6770 11169 217 104 mod-

4389 11372 184 66 ern
4620 11376 326 90 craze,
4998 11343 340 104 which
5391 11343 397 104 neither
5835 11343 425 128 regards
6345 11357 175 90 the
6609 11343 449 128 feelings

4384 11504 113 94 of
4635 11537 241 66 men
5013 11537 194 71 nor
5334 11504 302 104 those
5773 11504 539 104 historical
6444 11504 614 104 landmarks

4304 11665 5 274 I
4384 11669 345 104 which
4899 11674 378 104 should
5414 11679 128 99 be
5717 11679 180 99 the
6028 11679 302 128 pride
6472 11679 213 99 and
6841 11679 175 128 gio

4380 11868 123 94 ry
4639 11839 118 104 of
4961 11872 194 71 our
5320 11844 288 137 large
5750 11844 317 104 cities.
6208 11844 170 109 Mr
6562 11844 496 104 Phillips

4309 11972 189 99 has
4592 11957 491 142 disposed
5173 11976 113 94 of
5381 11981 161 94 his
5636 11976 496 104 valuable
6250 11981 548 109 collection
6883 11991 113 99 of

4309 12132 690 123 anti-slavery
5088 12170 373 104 papers
5806 12146 600 137 pamphlets
6458 12161 109 94 to
6633 12151 307 109 differ-

4309 12312 180 99 ent
4540 12302 468 113 libraries
5083 12312 104 104 in
5239 12307 444 137 Boston,
5721 12321 255 104 New
6028 12321 302 109 York
6378 12326 208 104 and
6643 12326 293 109 Phila-

4304 12477 463 132 delphia,
4828 12510 113 71 so
4984 12482 236 104 that
5263 12487 250 132 they
5551 12520 236 104 may
5839 12491 128 99 be
6005 12501 557 128 preserved
6595 12510 104 90 to
6751 12534 194 104 pos

4304 12647 312 142 terity
4663 12652 213 109 and
4956 12657 553 109 consulted
5598 12666 175 128 by’
5820 12666 180 104 the
6080 12671 638 132 inquisitive.
6855 12676 132 104 In

4304 12822 515 128 speaking
4852 12827 113 94 of
5022 12827 203 99 this
5268 12827 614 128 disposition
5948 12836 113 99 of
6104 12836 161 99 his
6302 12836 548 109 collection
6902 12846 85 99 it

4304 12987 369 99 struck
4720 13020 175 71 me
4937 12987 236 104 that
5206 12992 170 104 Mr
5424 12997 501 104 Phillips
5972 13002 180 104 did
6203 13039 113 66 so
6354 13006 250 99 with
6652 13044 66 66 a
6761 13039 170 71 cer-

4309 13148 217 104 tain
4625 13153 369 137 degree
5088 13157 109 104 of
5287 13162 685 109 sadness—as
6066 13167 562 113 indicative
6723 13176 109 104 of
6921 13214 66 66 a

4309 13323 416 132 change
4809 13332 109 94 in
4975 13332 161 104 his
5230 13332 180 104 life
5461 13337 340 99 which
5896 13346 557 99 contained
6543 13380 279 71 more
6874 13356 113 99 of

4309 13488 321 104 bitter
4677 13493 255 104 than
4984 13498 113 99 of
5164 13498 477 128 pleasant
5693 13502 572 109 reflection.

4313 13658 189 85 Mr
4564 13663 562 104 Phillips
5183 13672 539 85 Treated
5787 13701 137 61 as
5981 13706 76 57 a
6146 13687 397 80 Black
6624 13691 331 85 Man.

4431 13805 420 123 Among
5003 13809 184 99 the
5334 13819 789 99 reminiscences
6260 13828 340 94 which
6765 13828 180 99 Mr

4304 13961 506 113 Phillips
4961 13975 567 109 recounted
5650 13989 109 99 to
5811 14017 156 94 us,
6085 13989 203 123 the.
6402 13989 543 146 following

4309 14173 236 99 one,
4644 14145 109 104 in
4866 14150 340 104 which
5324 14154 123 109 he
5565 14192 213 71 was
5915 14169 439 128 treated,
6468 14173 170 104 for
6770 14173 184 104 the

4313 14310 231 104 first
4654 14320 213 99 and
4980 14320 203 104 last
5301 14329 293 123 time,
5726 14362 113 71 as
5962 14367 61 66 a
6132 14343 420 99 colored
6666 14376 283 94 man,

4309 14485 411 99 seemed
4786 14494 113 94 to
4946 14523 354 71 amuse
5348 14494 217 104 him
5613 14509 307 90 most.
6066 14504 123 104 In
6269 14509 288 128 1862,
6647 14513 312 104 while

4313 14655 425 132 passing
4876 14655 458 137 through
5499 14665 255 109 New
5920 14674 298 104 York
6402 14679 274 137 City,
6831 14688 132 99 he

4309 14825 439 128 stepped
4857 14830 222 99 into
5192 14868 61 66 a
5419 14835 283 104 hotel
5820 14844 208 99 and
6137 14849 572 128 registered
6803 14858 161 104 his

4309 15014 340 99 name,
4739 14995 595 137 remarking
5471 15014 109 94 to
5712 15005 180 104 the
6024 15009 298 109 clerk
6458 15019 236 104 that
6827 15028 132 99 he

4318 15156 340 104 would
4833 15175 227 123 step
5197 15180 189 90 out
5532 15208 66 71 a
5735 15189 468 94 moment
6354 15189 146 123 (to
6609 15203 180 113 get
6902 15231 66 66 a

4313 15354 364 99 paper,
4729 15331 128 99 he
4909 15331 539 142 thought),
5499 15345 213 99 and
5759 15350 345 104 would
6170 15364 189 90 not
6435 15354 312 109 chose
6798 15369 161 94 his

4313 15520 288 80 room
4677 15501 269 104 until
5041 15506 128 104 he
5258 15539 293 76 came
5641 15510 312 132 back,
6005 15520 213 109 and
6288 15520 420 113 handed
6789 15534 180 99 the

4313 15661 288 104 clerk
4654 15671 161 104 his
4909 15676 439 104 satchel.
5494 15685 340 99 When
5924 15685 132 104 he
6151 15699 529 123 returned,
6756 15709 213 99 and

4318 15831 326 109 asked
4691 15846 109 94 to
4847 15841 123 99 be
5022 15841 435 109 allowed
5537 15855 109 94 to
5726 15855 321 99 select
6142 15855 170 109 h’3
6397 15893 326 94 room,
6784 15874 180 99 the

4323 16011 614 123 proprietor,
5060 16011 231 104 who
5409 16011 213 109 had
5735 16054 288 76 come
6113 16030 104 99 in
6321 16030 387 137 during
6803 16039 165 104 his

4313 16172 482 128 absence,
4847 16176 420 109 handed
5339 16186 222 109 him
5636 16186 165 109 his
5891 16195 402 109 satchel
6378 16205 213 104 and
6666 16209 293 104 said:

4323 16337 274 104 “We
4687 16342 269 109 have
5046 16380 142 71 no
5277 16365 387 90 vacant
5754 16365 468 99 rooms.”
6411 16375 241 104 “Do
6746 16413 208 99 you

4313 16540 302 71 mean
4668 16512 269 128 that,
4989 16550 118 71 or
5154 16517 132 104 do
5367 16554 208 99 you
5627 16559 302 71 mean
6024 16569 208 94 you
6312 16535 132 104 do
6524 16554 189 90 not
6784 16550 118 99 de-

4313 16677 194 99 sire
4620 16687 109 94 to
4890 16691 780 104 accommodate
5792 16696 487 109 Wendell
6369 16706 581 142 Phillips?”

4313 16847 321 104 asked
4687 16852 198 99 Mr.
4946 16852 482 132 Phillips.
5570 16861 137 104 “I
5787 16899 302 71 mean
6137 16871 236 104 Ido
6458 16890 184 90 not
6718 16913 236 71 care

4318 17017 109 90 to
4521 17022 780 99 accommodate
5391 17055 250 99 you,
5740 17031 260 123 sir,”
6123 17041 246 99 And
6420 17046 180 99 the
6676 17065 293 113 great

4313 17183 274 132 good
4639 17220 241 66 man
4928 17187 250 109 took
5230 17197 161 99 his
5438 17202 406 104 satchel
5939 17211 208 104 and
6241 17216 411 109 walked
6742 17225 222 104 into

4313 17353 184 99 the
4550 17362 373 94 streets
5017 17362 113 99 of
5220 17362 255 99 New
5528 17367 331 128 York,
5906 17376 392 132 feeling
6378 17381 231 109 how
6709 17386 260 142 deep

4313 17551 213 76 was
4578 17523 231 109 that
4857 17528 369 109 hatred
5277 17537 109 104 of
5433 17542 180 99 the
5660 17542 454 137 helpless
6208 17551 213 104 and
6501 17556 416 118 defense-

4313 17693 198 94 less
4602 17693 283 99 slave
4980 17702 335 94 which
5409 17707 312 104 could
5802 17721 246 90 vent
6137 17721 137 99 its
6326 17721 359 132 spleen
6756 17731 217 104 and

4313 17858 510 109 littleness
4876 17901 279 99 upon
5206 17872 217 109 him
5513 17882 231 109 who
5835 17887 208 104 had
6137 17891 387 137 always
6572 17901 402 132 fought

4313 18033 529 123 manfully
4890 18038 170 94 for
5102 18038 184 99 the
5329 18043 321 128 right,
5754 18052 458 132 through
6307 18061 203 99 evil
6600 18080 359 118 report

4313 18231 118 76 as
4469 18194 222 113 well
4743 18236 109 76 as
4899 18203 307 137 good.
5391 18208 165 113 Mr
5646 18217 501 118 Phillips
6198 18241 548 128 expressed
6780 18279 132 71 un-

4313 18373 487 99 bounded
4833 18383 661 94 satisfaction
5565 18397 113 90 at
5754 18397 184 90 the
6019 18406 628 99 marvellous
6728 18439 184 94 pro-

4313 18562 288 104 gress
4654 18534 335 109 which
5036 18572 194 80 our
5277 18576 231 76 race
5556 18543 189 118 has
5820 18557 302 109 made
6161 18562 279 113 since
6491 18567 170 109 the
6713 18609 246 76 war.

4313 18709 288 128 They
4696 18713 317 118 have,
5159 18718 109 99 in
5357 18723 165 94 his
5613 18732 638 123 estimation,
6350 18742 265 99 done
6713 18775 260 71 even

4313 18898 279 80 more
4644 18874 255 113 than
4956 18879 123 109 he
5140 18883 647 142 anticipated
5854 18898 113 109 of
6057 18898 326 113 them.
6520 18907 161 113 He
6732 18912 241 118 does

4323 19058 189 85 not
4559 19049 392 104 believe
5003 19058 104 94 in
5159 19063 406 99 colored
5617 19068 515 99 churches
6222 19077 208 99 and
6524 19087 444 123 schools,

4313 19209 194 109 but
4554 19214 369 109 thinks
4970 19219 142 109 all
5159 19224 175 109 the
5391 19228 364 137 people
5802 19233 387 118 should
6260 19243 203 113 live
6534 19252 113 104 in
6732 19252 170 113 har-

4313 19417 317 99 mony
4677 19398 515 123 together,
5249 19408 255 94 each
5556 19408 369 132 taking
5972 19417 203 94 and
6250 19422 496 132 enjoying
6789 19431 165 99 his

4313 19578 378 109 proper
4724 19554 307 113 share
5079 19564 113 109 of
5277 19569 180 109 the
5537 19602 477 85 common
6099 19578 435 118 benefits
6581 19597 109 109 of
6770 19630 132 104 go-

4313 19743 548 90 vernment
4913 19739 208 94 and
5192 19748 387 123 society
5617 19753 449 99 without
6109 19791 213 85 any
6364 19762 302 99 other
6713 19772 255 94 than

4309 19885 298 109 those
4701 19899 647 109 restrictions
5443 19909 340 104 which
5877 19918 387 137 society
6340 19918 387 146 always
6775 19928 194 113 has

4309 20065 208 99 and
4564 20065 387 137 always
5003 20074 208 104 will
5282 20083 359 99 evolve
5731 20088 279 99 from
6104 20098 132 94 its
6335 20102 293 94 inner
6723 20135 184 71 con-

4309 20230 576 104 sciousness
4965 20239 170 99 for
5220 20244 874 132 self-protection.
6236 20258 165 104 He
6491 20263 463 137 thought

4309 20428 156 71 we
4554 20400 213 109 had
4857 20438 57 71 a
5003 20414 576 132 promising
5665 20424 359 104 future
6118 20428 364 109 before
6529 20471 156 90 us,
6742 20447 213 104 and

4309 20565 458 132 thought
4876 20575 236 99 that
5192 20580 373 104 honest
5655 20584 557 113 difference
6331 20603 638 118 of'opinion

4309 20764 383 109 among
4734 20740 628 137 thoughtful
5409 20754 416 104 colored
5877 20792 231 71 men
6146 20764 345 109 which
6548 20773 406 109 obtains

4309 20910 109 90 at
4465 20906 213 99 this
4724 20910 246 104 time
5017 20943 208 76 was
5277 20953 132 66 an
5504 20934 709 128 encouraging
6260 20943 208 99 and
6539 20939 430 142 healthy

4313 21076 231 123 sign
4592 21076 113 104 of
4753 21080 638 109 intellectual
5447 21094 293 123 vigor
5787 21099 208 99 and
6090 21137 61 71 a
6241 21137 279 71 more
6591 21118 378 104 settled

4299 21246 576 104 condition.
5060 21255 227 109 Mrs
5400 21255 487 113 Phillips
5976 21274 85 99 is
6123 21274 113 104 in
6345 21312 255 99 very
6713 21321 255 99 poor

4304 21411 392 128 health,
4795 21420 208 99 and
5126 21425 165 104 Mr
5409 21430 501 104 Phillips
5957 21439 420 104 himself
6468 21454 90 94 is
6624 21468 189 90 not
6855 21491 113 71 as

4313 21576 491 128 vigorous
4852 21619 113 66 as
5017 21591 302 104 could
5376 21595 128 99 be
5551 21595 439 104 desired.

4658 21746 411 80 Death
5117 21756 142 76 of
5306 21756 472 85 Robert
5835 21765 501 90 Morris.
6378 21775 189 80 Jr.

4299 21879 222 99 One
4569 21879 113 99 of
4729 21883 180 99 the
4951 21898 274 90 most
5263 21888 520 142 imposing
5825 21902 472 104 funerals
6350 21907 52 104 I
6449 21940 241 80 ever
6723 21921 189 99 wit-

4304 22049 364 104 nessed
4715 22087 213 71 was
4970 22054 236 109 that
5249 22063 113 99 of
5414 22063 435 104 Robert
5882 22072 458 132 Morris,
6411 22082 184 128 Jr,
6647 22120 189 76 son
6860 22096 113 99 of

4299 22219 439 104 Robert
4805 22228 430 99 Morris
5287 22228 274 123 (who
5655 22271 213 66 was
5929 22243 364 104 buried
6345 22261 203 94 two
6628 22261 340 99 weeks

4294 22389 444 132 before,)
4791 22398 109 99 at
4946 22394 180 104 the
5169 22394 402 104 church
5613 22403 113 99 of
5773 22403 175 109 the
5986 22408 685 118 Immaculate
6704 22422 198 109 Con-

4309 22564 454 128 ception,
4857 22559 392 137 Friday
5315 22573 524 128 morning,
5924 22573 567 113 December
6567 22592 161 104 29.
6869 22606 99 94 A

4294 22729 449 132 striking
4824 22734 402 99 feature
5310 22739 118 99 of
5504 22734 175 109 the
5726 22743 420 109 funeral
6213 22786 213 71 was
6496 22762 180 104 the
6723 22795 180 71 con-

4294 22899 496 132 spicuous
4871 22899 444 109 absence
5362 22904 118 104 of
5551 22904 180 104 the
5773 22909 416 113 colored
6236 22918 477 142 element,
6798 22937 170 104 for

4290 23098 113 109 p
4483 23074 175 99 the
4710 23088 236 85 vast
4998 23079 742 128 congregation
5806 23083 118 94 of
5995 23098 208 90 two
6250 23088 529 113 thousand
6846 23131 123 71 or

4294 23268 279 76 more
4606 23239 298 104 there
4932 23239 317 109 coidd
5272 23249 189 94 not
5509 23239 265 109 have
5811 23244 260 109 been
6099 23287 283 76 more
6420 23263 246 109 than
6704 23272 260 104 four

6831 737 477 165 THE
7498 732 510 165 NEW
8220 737 643 165 YORK
9043 746 860 170 GLOBE:
10082 756 1318 175 SATURDAY,
11589 756 1106 175 JANUARY
12865 765 170 161 6.
13233 756 472 156 1883.

7106 1124 487 99 hundred
7706 1148 435 99 persons
8230 1120 118 94 of
8438 1120 165 94 his
8650 1153 236 71 own
8972 1157 279 71 race.
9392 1134 146 99 Of
9628 1134 184 104 the

7110 1294 373 109 twelve
7554 1290 213 137 pall
7819 1294 416 99 bearers
8282 1290 293 99 there
8627 1323 213 71 was
8891 1309 189 90 not
9151 1332 198 71 one
9397 1304 411 99 colored

7115 1498 283 90 man,
7465 1460 208 109 and
7710 1460 118 104 of
7876 1460 137 104 all
8065 1455 354 137 places
8466 1460 113 99 of
8631 1460 335 109 honor
9000 1469 104 99 in
9165 1465 189 104 the
9397 1441 420 137 funera^

7115 1635 605 137 procession
7800 1630 298 104 there
8173 1658 213 71 was
8461 1639 189 90 not
8731 1658 198 76 one
9009 1639 491 128 assigned
9581 1649 104 94 to
9756 1677 66 66 a

7120 1805 420 99 colored
7616 1800 416 128 family,
8131 1833 113 66 or
8343 1824 283 90 man,
8712 1833 118 66 or
8943 1833 444 71 woman.
9576 1805 307 118 Mrsr

7129 1970 420 104 Morris
7616 1965 373 104 leaned
8079 1994 288 99 upon
8466 1965 180 94 the
8740 1965 411 104 slender
9241 2003 222 71 arm
9553 1980 123 94 of
9765 2008 57 71 a

7134 2173 354 104 young
7540 2135 321 104 white
7909 2169 288 85 man,
8254 2131 241 104 who
8542 2164 213 71 was
8806 2169 66 71 a
8906 2135 198 104 law
9142 2135 283 104 clerk
9477 2145 118 99 of
9643 2145 231 99 th#’

7139 2310 420 109 Morris
7611 2310 198 104 law
7857 2306 279 128 firm,
8187 2301 312 104 while
8537 2301 184 104 the
8773 2306 444 104 brother
9265 2310 208 104 and
9520 2315 246 99 fami-

7139 2485 104 128 ly
7294 2485 113 99 of
7483 2485 444 94 Robert
7975 2480 477 113 Morris,
8532 2476 231 118 Sr.,
8839 2509 265 71 were
9156 2485 491 123 disposed
9718 2485 156 99 of

7143 2683 118 71 as
7304 2650 406 104 distant
7757 2646 865 132 acquaintances,
8660 2641 359 104 rather
9052 2646 265 109 than
9340 2679 250 76 near
9624 2650 208 104 and

7143 2830 246 94 dear
7479 2816 529 118 relatives,
8060 2816 113 94 of
8258 2811 180 99 the
8490 2816 539 99 deceased.
9175 2816 52 99 I
9279 2854 317 66 never
9661 2825 113 94 be-

7143 2991 231 109 fore
7441 3014 213 76 saw
7706 3014 109 76 so
7866 2981 321 104 much
8239 2981 335 99 honor
8655 2981 250 132 paid
8953 2995 109 94 to
9109 2981 180 109 the
9369 3024 463 104 memory

7148 3165 113 94 of
7342 3198 61 61 a
7450 3161 416 99 colored
7937 3189 250 71 man
8263 3156 146 132 by
8494 3156 321 99 white
8896 3165 369 123 people
9350 3165 213 99 and
9633 3165 208 99 less

7153 3326 246 132 paid
7483 3354 104 71 to
7639 3326 180 99 the
7866 3354 472 104 memory
8376 3326 118 99 of
8575 3354 61 71 a
8683 3326 420 99 colored
9151 3359 246 76 man
9444 3331 142 132 by
9633 3331 156 104 col-

7153 3501 246 99 ored
7483 3501 411 123 people.
8041 3491 260 99 This
8386 3491 472 128 singular
8910 3506 274 90 state
9231 3501 118 99 of
9444 3501 397 128 things,

7157 3666 217 104 this
7455 3661 699 142 phenomenal
8206 3694 231 104 way
8485 3661 118 104 of
8683 3657 652 146 conducting
9411 3704 66 76 a
9520 3671 274 109 color-

7157 3846 128 99 ed
7370 3846 458 118 funeral,
7909 3841 47 94 I
8008 3836 335 99 doubt
8419 3846 222 113 not,
8731 3836 213 99 will
9028 3841 128 94 be
9241 3879 279 66 news
9600 3850 113 94 of
9794 3883 61 61 a

7162 4002 614 132 conflicting
7847 4016 383 90 nature
8277 4011 109 90 to
8438 3997 241 104 that
8754 4025 567 85 numerous
9387 4006 274 109 class
9742 4011 113 104 of

7162 4181 411 104 readers
7649 4181 118 99 of
7833 4176 241 104 The
8126 4176 364 99 Globe
8518 4176 236 94 who
8835 4172 137 99 do
9043 4191 189 90 not
9307 4181 307 99 dwell
9661 4219 128 61 un-

7162 4346 184 99 der
7413 4346 184 99 the
7668 4337 539 104 historical
8282 4337 628 132 inspiration
8981 4342 113 99 of
9156 4342 435 118 Bunker
9633 4351 217 137 Hilj

7167 4517 217 104 and
7450 4517 180 104 the
7729 4517 198 104 Old
8017 4512 345 104 South
8457 4512 463 104 Church.
9061 4517 227 99 The
9378 4521 482 104 Catholic

7167 4691 331 128 priest
7550 4682 236 104 who
7833 4682 534 99 officiated
8414 4691 109 90 at
8570 4677 175 104 the
8797 4682 420 99 funeral
9288 4682 331 109 threw
9676 4701 184 90 out

7167 4890 61 71 a
7276 4852 416 104 remark
7776 4852 331 99 which
8164 4880 241 94 may
8461 4847 288 132 edify
8820 4847 180 99 the
9052 4880 548 76 meanness
9652 4857 208 99 and

7167 5055 657 71 narrowness
7876 5017 335 104 which
8268 5046 283 104 sway
8608 5013 175 109 the
8835 5013 350 142 policy
9227 5022 113 104 of
9425 5022 180 104 the
9685 5055 118 71 av-

7167 5230 307 94 erage
7564 5192 614 104 Protestant
8258 5187 425 104 Church
8773 5192 113 99 of
8976 5192 180 99 the
9241 5192 624 128 land—that

7167 5362 619 104 Protestant
7857 5357 425 99 Church
8367 5357 350 99 which
8764 5353 293 104 loves
9142 5357 231 104 God
9425 5391 113 66 so
9619 5376 246 99 veftv

7172 5532 307 104 much
7564 5532 213 104 and
7828 5532 170 99 the
8074 5565 487 66 common
8613 5532 713 99 brotherhood
9373 5537 113 94 of
9557 5561 231 85 man-

7172 5698 269 104 kind
7517 5726 113 76 so
7677 5726 255 104 very
8008 5693 307 104 little.
8457 5693 231 104 The
8764 5698 317 132 priest
9165 5693 222 109 said
9439 5698 104 99 in
9628 5702 184 99 sub-

7172 5882 406 118 stance,
7663 5872 213 109 and
7951 5868 321 137 truly,
8357 5868 231 109 that
8660 5868 184 109 the
8924 5868 482 109 Catholic
9449 5872 420 109 Church

7176 6080 213 66 was
7441 6047 539 99 uuiversal
8017 6047 109 94 in
8169 6047 132 94 its
8348 6043 671 128 consistency
9066 6043 113 99 of
9227 6043 175 99 the
9439 6038 369 113 Father-

7176 6217 279 104 hood
7502 6222 113 99 of
7687 6213 236 109 God
7994 6213 213 104 and
8254 6213 184 99 the
8509 6208 713 109 brotherhood
9302 6217 118 99 of
9501 6250 373 71 man—

7176 6387 241 104 that
7465 6387 180 104 the
7691 6383 487 104 Catholic
8230 6383 425 104 Church
8698 6416 213 71 was
8962 6383 288 132 large
9298 6387 420 137 enough
9765 6397 109 94 to

7181 6567 425 99 contain
7630 6562 369 132 people
8031 6562 118 99 of
8169 6557 146 104 all
8339 6591 331 90 races,
8702 6557 213 104 and
8943 6557 454 104 catholic
9458 6567 416 128 enough

7181 6737 113 99 to
7328 6737 279 99 treat
7654 6732 331 128 them,
8031 6756 194 80 one
8277 6728 208 109 and
8513 6732 184 128 all,
8735 6723 317 113 alike.
9208 6732 198 104 Let
9439 6732 180 109 the
9647 6765 175 80 nar-

7181 6912 732 118 row-minded,
8008 6912 180 94 the
8268 6912 293 113 lying
8665 6907 581 99 Methodist
9369 6917 506 109 minister,

7181 7072 241 99 who
7474 7068 321 132 lately
7838 7068 524 123 declared,
8419 7068 109 99 in
8584 7101 61 66 a
8674 7068 780 104 GoD-forsaken
9506 7072 378 132 village

7186 7247 113 109 in
7380 7243 562 132 Alabama,
7998 7243 241 109 that
8324 7243 411 109 colored
8811 7247 369 132 people
9265 7247 350 109 “were
9690 7261 189 99 not

7186 7422 444 123 invited,
7748 7422 213 99 and
8074 7427 198 94 not
8381 7422 506 104 expected
9000 7436 113 85 to
9194 7422 406 123 attend,
9723 7422 161 104 his

7191 7587 529 128 church,”
7772 7597 198 123 put
8013 7587 184 99 the
8239 7587 472 99 remarks
8745 7587 118 99 of
8910 7587 180 99 the
9132 7583 406 109 Boston
9567 7592 321 132 priest

7195 7762 104 104 in
7351 7762 161 104 his
7587 7757 241 137 pipe
7876 7757 213 104 and
8140 7757 364 104 smoke
8598 7762 321 128 them,
9009 7762 208 104 and
9298 7762 146 104 let
9539 7767 350 99 others

7195 7932 113 99 of
7384 7932 217 94 like
7649 7932 151 94 ilk
7852 7932 137 94 do
8041 7932 180 94 the
8296 7961 288 66 same
8669 7932 345 123 thing.
9156 7932 113 94 If
9340 7932 180 99 the
9562 7932 265 128 hypo-

7195 8093 411 109 critical
7672 8093 605 109 Protestant
8353 8093 515 109 churches
8962 8093 350 109 would
9402 8098 255 109 hate
9728 8102 165 104 the

7195 8272 482 109 Catholic
7729 8268 425 109 Church
8206 8272 203 104 less
8461 8268 213 109 and
8721 8277 458 128 practice
9250 8277 137 99 its
9435 8310 397 94 compre-

7200 8443 439 104 hension
7687 8438 217 104 and
7951 8443 236 99 love
8239 8443 113 99 of
8405 8438 515 104 mankind
8967 8471 113 71 as
9132 8443 387 132 taught
9562 8447 113 99 in
9728 8447 175 99 the

7200 8613 307 109 Bible
7554 8646 321 90 more,
7932 8646 288 76 some
8263 8613 369 137 people
8674 8613 350 104 would
9071 8613 269 109 have
9387 8650 288 71 more
9728 8650 113 71 Te-

7200 8797 298 118 speet
7573 8787 165 99 for
7819 8787 614 99 Protestant
8485 8787 557 128 principles
9094 8787 213 99 and
9378 8792 208 99 less
9666 8816 184 80 con-

7209 8967 340 123 tempt
7597 8957 170 104 for
7809 8953 609 109 Protestant
8466 8953 562 137 hypocrisy
9066 8957 213 104 and
9326 8991 572 76 meanness.

7209 9132 246 94 And
7507 9128 269 104 lam
7828 9161 194 66 one
8074 9132 113 94 of
8239 9128 213 99 this
8485 9128 317 104 latter
8849 9128 307 104 class.
9307 9128 47 99 I
9397 9132 302 94 don’t
9732 9128 123 104 be-

7214 9302 269 94 lieve
7521 9298 118 94 in
7687 9298 326 94 much
8065 9293 241 104 that
8353 9293 184 99 the
8584 9293 482 109 Catholic
9099 9288 435 109 Church
9576 9298 283 99 teach-

7219 9491 146 99 es,
7417 9458 198 109 but
7687 9458 52 109 I
7791 9458 137 109 do
7975 9458 402 109 believe
8457 9458 241 113 that
8750 9501 61 71 a
8858 9496 246 76 man
9151 9496 198 76 can
9397 9501 132 104 go
9581 9496 113 80 as
9765 9468 104 109 di-

7219 9633 335 132 rectly
7649 9643 113 90 to
7814 9638 402 99 heaven
8268 9638 468 128 through
8830 9671 66 66 a
8939 9638 487 99 Catholic
9472 9652 241 113 gate
9798 9666 123 71 as

7224 9794 132 104 he
7455 9827 198 71 can
7739 9794 463 137 through
8287 9831 61 71 a
8395 9794 586 109 Methodist
9061 9827 231 104 one,
9378 9803 553 137 especially

7228 9969 302 104 when
7611 10002 156 71 we
7805 9973 269 104 have
8150 9969 260 104 such
8499 10011 66 66 a
8608 9969 586 109 Methodist
9269 9987 246 113 gate
9562 10011 118 66 as
9704 9973 28 52 J
9756 9978 175 99 the

7233 10139 524 104 Alabama
7809 10139 510 132 preacher
8372 10143 194 99 has
8613 10143 260 99 been
8929 10143 425 128 pleased
9397 10148 113 99 to
9562 10143 364 104 define.

7838 10309 369 85 Some
8254 10313 472 80 Boston
8797 10309 543 85 Editors.

7365 10450 227 104 The
7677 10450 387 104 editors
8117 10455 113 99 of
8324 10450 406 104 Boston
8778 10488 175 66 are
9009 10488 132 66 an
9217 10455 340 104 honor
9600 10465 109 94 to
9756 10455 180 99 the

7228 10620 609 132 fraternity,
7899 10654 113 66 as
8093 10625 170 94 far
8310 10654 113 66 as
8504 10620 52 99 I
8608 10625 321 94 could
9000 10625 369 123 judge,
9420 10625 217 94 and
9685 10654 246 94 very

7233 10786 345 132 justly
7616 10781 265 109 rank
7932 10786 255 104 With
8235 10786 298 104 those
8580 10786 113 104 of
8740 10786 260 109 New
9047 10786 307 109 York
9392 10786 213 109 and
9643 10786 227 109 Phil-

7238 10961 529 128 adelphia.
7909 10937 165 123 Xlr
8202 10961 487 123 Holmes,
8811 10961 288 104 chief
9189 10965 113 99 of
9439 10965 260 99 staff
9808 10965 113 99 of

7238 11126 184 99 the
7469 11126 397 99 Boston
7918 11121 449 128 Herald,
8424 11126 85 94 is
8556 11159 66 66 a
8669 11154 250 76 man
8967 11131 113 99 of
9151 11126 335 104 broad
9524 11126 406 104 culture

7238 11301 208 109 and
7521 11296 369 104 liberal
7980 11310 416 113 nature,
8499 11296 255 104 with
8854 11334 61 71 a
9009 11310 723 94 countenance
9822 11334 113 71 as

7238 11466 260 99 mild
7554 11466 208 99 and
7809 11466 633 99 benevolent
8485 11494 113 71 as
8679 11466 241 99 that
8967 11466 548 132 possessed
9557 11466 142 132 by
9746 11466 189 104 Col

7252 11631 557 104 McClure
7923 11636 118 99 of
8159 11636 184 99 the
8438 11631 737 132 Philadelphia
9255 11636 378 104 Times.
9775 11631 161 104 He

7252 11802 392 137 weighs
7696 11806 161 104 his
7909 11802 472 109 remarks
8433 11802 213 109 and
8693 11802 383 142 speaks
9132 11802 255 109 with
9435 11802 439 109 delitoa-

7167 11962 288 90 tion?
7578 11953 227 99 Tile
7857 11943 572 118 editor'oT*
8452 11976 850 123 vv^lTattscript
9354 11967 576 109 is^man^

7167 12118 109 99 of
7332 12118 624 132 thoughtful
8041 12132 761 123 countenance,
8858 12132 255 99 with
9208 12137 657 132 compressed

7167 12288 246 132 lips,
7488 12288 350 109 which
7913 12298 454 109 indicate
8433 12312 369 118 strong
8868 12307 609 128 resolution,
9557 12312 302 104 while

7167 12458 161 104 his
7422 12463 666 104 meditatives
8159 12496 241 104 eyes
8452 12482 213 90 and
8745 12472 340 137 heavy
9189 12477 335 104 brows
9595 12482 208 104 indi-

7162 12643 236 99 cate
7493 12633 539 109 reflection
8107 12643 246 128 and,
8443 12643 496 137 perhaps,
8986 12652 321 104 much
9397 12690 458 76 sarcasm

7162 12803 213 99 and
7422 12808 543 128 acrimony
8036 12813 109 94 in
8192 12813 425 128 dealing
8665 12817 255 94 with
8976 12850 57 66 a
9099 12822 449 123 subject.
9694 12822 161 99 He

7162 13002 444 99 appears
7654 12992 113 80 to
7819 12978 283 99 draw
8135 12978 312 99 much
8499 12978 628 132 inspiration
9165 12992 279 94 from
9496 13030 61 61 a
9600 12992 208 99 fine-

7157 13134 109 137 ly
7356 13139 420 104 colored
7871 13148 699 104 meershaum.
8712 13153 175 104 Mr
8991 13153 855 142 Worthington,

7153 13309 335 109 editor
7535 13318 118 99 of
7691 13318 184 99 the
7923 13313 402 109 Boston
8376 13323 482 104 Traveler
8906 13332 208 99 and
9170 13332 491 109 collector
9732 13342 113 99 of

7148 13488 506 123 customs,
7701 13488 85 99 is
7833 13521 66 66 a
7946 13498 430 94 veteran
8414 13488 567 137 journalist
9024 13502 203 104 and
9274 13502 510 142 thorough-

7153 13654 113 132 ly
7337 13654 109 109 in
7498 13658 572 142 sympathy
8121 13668 255 99 with
8428 13668 180 99 the
8669 13672 321 104 work.
9132 13677 165 99 He
9350 13710 217 76 was
9614 13720 170 94 pro-

7148 13828 213 94 lific
7398 13828 109 99 of
7545 13833 798 99 reminiscences
8372 13838 113 99 of
8513 13838 666 128 journalism,
9217 13852 208 99 and
9468 13847 369 109 looked

7148 13998 250 109 with
7450 13998 491 132 pleasure
7994 14036 283 109 upon
8334 14008 175 109 the
8570 14013 652 132 importance
9269 14022 213 104 and
9524 14022 260 109 influ-

7157 14206 255 71 ence
7526 14187 109 94 to
7753 14183 345 104 which
8249 14216 609 104 newspaper
8976 14192 539 109 literature
9624 14206 213 99 had

7148 14376 402 99 grown.
7691 14348 340 137 Forty
8145 14391 302 94 years
8565 14395 231 94 ago,
8924 14367 307 99 when
9307 14367 132 109 he
9553 14400 213 76 com-

7143 14518 435 104 menced
7630 14523 180 99 the
7880 14523 387 132 Weekly
8334 14523 520 132 Traveler,
8910 14565 57 71 a
9052 14537 619 109 circulation
9713 14551 123 99 of

7143 14688 302 123 2,000
7517 14721 213 76 was
7833 14698 614 99 considered
8565 14735 57 71 a
8712 14712 302 123 great
9128 14712 340 132 thing.
9619 14712 213 109 But

7148 14863 302 99 times
7498 14863 269 99 have
7814 14863 529 132 changed,
8381 14872 217 94 and
8646 14872 175 104 the
8868 14872 288 137 daily
9208 14882 619 104 circulation

7143 15028 118 94 of
7342 15028 184 99 the
7587 15028 482 104 Traveler
8121 15033 189 104 has
8391 15071 364 94 grown
8802 15052 113 90 to
8962 15043 128 104 be
9170 15052 496 128 upwards
9713 15061 118 99 of

7148 15194 463 123 100,000.
7762 15198 255 104 Will
8065 15203 416 104 colored
8518 15208 624 128 journalism
9198 15250 241 71 ever
9487 15227 335 104 attain

7143 15378 104 85 to
7309 15364 260 104 this?
7701 15369 52 99 I
7824 15402 175 71 am
8046 15383 180 94 not
8324 15378 454 104 without
8868 15383 307 137 hope,
9231 15387 52 104 I
9373 15425 170 71 am
9638 15406 184 90 not

7148 15534 454 104 without
7654 15553 917 123 encouragement,
8627 15553 236 104 that
8901 15553 85 104 it
9038 15557 246 104 will.
9435 15562 283 104 Such
9765 15600 61 66 a

7143 15709 860 104 transformation
8055 15746 198 71 can
8334 15723 255 132 only
8679 15723 128 99 be
8901 15728 449 104 effected
9420 15732 137 123 by
9652 15737 170 99 the

7143 15902 293 94 years
7479 15879 208 99 and
7720 15883 180 94 the
7937 15883 293 99 labor
8268 15888 109 99 of
8414 15888 184 99 the
8636 15888 817 142 future—many
9487 15935 326 94 years,

7148 16044 317 99 much
7521 16044 331 109 labor.
7998 16049 189 104 Col
8258 16054 387 132 Slack,
8702 16063 340 104 editor
9090 16072 118 94 of
9298 16072 184 104 the
9534 16072 213 104 Com-

7139 16209 605 109 monwealth
7786 16219 213 99 and
8046 16219 496 109 collector
8589 16233 118 99 of
8754 16233 463 104 Internal
9279 16238 534 132 Revenue,

7139 16380 90 99 is
7299 16413 66 71 a
7446 16384 472 128 political
8003 16389 713 118 wheel-horse.
8759 16394 269 113 *and
9076 16441 66 71 a
9217 16408 595 128 gentleman

7143 16545 231 104 who
7422 16554 194 99 has
7701 16587 312 99 many
8065 16564 260 104 kind
8409 16573 335 99 words
8797 16587 113 90 at
8981 16578 165 99 his
9213 16587 595 99 command.

7143 16715 189 104 We
7413 16724 340 104 found
7805 16729 217 104 him
8074 16767 104 66 lo
8258 16734 132 104 be
8438 16772 61 71 a
8546 16767 255 109 very
8854 16743 491 132 pleasant
9420 16753 340 128 gentle-

7143 16885 283 71 man.

7247 17017 496 85 Messrs.
7781 17022 132 85 T.
7970 17027 132 80 A.
8150 17031 454 104 Ridley
8655 17041 246 80 and
8948 17041 118 80 J.
9113 17046 161 80 H.
9317 17041 406 90 Lewis

7148 17154 132 104 do
7323 17159 255 104 each
7625 17197 66 71 a
7739 17169 387 137 paying
8178 17173 491 137 tailoring
8769 17183 477 104 business
9340 17187 208 104 and
9647 17225 170 71 are

7148 17357 387 104 among
7569 17329 184 104 the
7805 17334 265 104 solid
8121 17372 241 85 men
8414 17353 109 90 of
8565 17343 439 109 Boston.
9151 17353 170 109 Mr
9397 17357 416 104 Ridley

7143 17499 90 99 is
7280 17532 61 71 a
7389 17499 600 137 gentleman
8065 17518 236 104 who
8391 17518 364 109 knows
8854 17523 236 109 how
9175 17537 113 94 to
9354 17528 312 109 make
9756 17570 57 66 a

7143 17669 335 104 dollar
7531 17679 213 94 and
7791 17688 246 90 turn
8083 17683 85 99 it
8216 17693 109 94 to
8424 17688 180 99 the
8707 17698 227 94 best
9024 17707 487 90 account.
9657 17698 156 109 He

7148 17872 288 71 owns
7483 17877 61 76 a
7592 17844 208 109 fine
7847 17854 529 109 residence
8424 17896 142 71 on
8613 17858 746 137 Buckingham
9454 17896 354 104 street,

7148 18009 208 94 and
7403 18009 165 99 his
7616 18014 307 104 home
7970 18024 85 94 is
8131 18028 302 94 made
8523 18028 369 132 happy
8962 18033 142 128 by
9203 18066 137 66 an
9411 18066 335 76 accom-

7148 18175 420 142 plished
7663 18189 241 109 wife
7984 18189 213 113 and
8291 18198 307 109 sister
8669 18203 208 109 and
8976 18208 137 132 by
9194 18208 180 109 the
9468 18241 345 104 sunny

7148 18354 288 94 smile
7488 18364 113 90 of
7654 18392 57 61 a
7757 18373 312 90 sweet
8121 18369 269 94 little
8443 18373 557 123 daughter.
9151 18378 170 94 Mr
9402 18378 411 99 Ridley

7148 18510 345 113 drives
7535 18553 66 76 a
7644 18520 213 113 fast
7913 18534 312 123 team,
8282 18534 208 109 and
8542 18539 170 109 Mr
8778 18534 359 113 Lewis
9231 18543 194 109 has
9524 18543 288 113 three

7143 18690 208 94 fine
7398 18723 581 94 specimens
8031 18709 113 90 of
8216 18709 302 99 horse
8598 18713 260 94 flesh
8939 18718 113 90 in
9137 18718 161 94 his
9387 18718 416 99 stables.

7143 18850 170 109 Mr
7361 18855 227 109 Geo
7635 18860 132 113 L.
7824 18865 430 113 Ruffin
8301 18874 208 113 and
8580 18879 132 109 E.
8778 18879 170 113 W.
9009 18883 491 113 Walker
9553 18888 255 109 each

7143 19030 269 99 have
7460 19072 61 61 a
7569 19039 515 104 lucrative
8131 19049 198 99 law
8381 19063 463 113 practice
8920 19058 213 94 and
9227 19063 317 123 enjoy
9638 19063 170 99 the

7143 19209 411 123 respect
7602 19205 208 109 and
7861 19209 609 113 confidence
8518 19224 118 104 of
8731 19219 180 109 the
8953 19224 279 137 good
9279 19228 369 137 people
9699 19228 113 104 of

7143 19365 439 109 Boston.
7724 19384 298 128 They
8050 19389 269 99 have
8348 19394 255 99 each
8636 19403 364 94 served
9038 19398 109 99 in
9184 19403 184 94 the
9392 19403 364 123 legisla-

7143 19540 227 104 ture
7422 19545 113 104 of
7620 19540 869 132 Massachusetts.
8636 19564 175 109 Mr
8863 19564 213 118 Wm
9146 19564 142 109 H.
9364 19564 444 113 Dupree

7139 19715 85 94 is
7276 19724 860 118 superintendent
8187 19734 113 94 of
8348 19739 397 94 station
8797 19743 321 118 “A,”
9175 19743 180 94 the
9425 19748 383 118 largest

7134 19876 803 142 sub-postoffice
7984 19894 109 104 in
8145 19885 444 142 Boston,
8641 19899 312 109 while
9009 19899 161 113 Mr
9227 19904 350 109 James
9647 19899 156 123 M.

7143 20055 496 104 Trotter
7687 20069 90 94 is
7828 20074 392 94 second
8268 20074 109 99 in
8428 20079 383 123 charge
8858 20083 118 94 ol
9057 20083 180 94 the
9331 20088 430 118 registra-

7139 20216 217 99 tion
7469 20220 661 142 department
8225 20239 118 99 of
8457 20239 180 104 the
8754 20244 279 99 main
9137 20254 241 128 post
9468 20244 331 109 office.

7143 20386 335 109 These
7550 20414 208 85 two
7847 20409 600 123 gentlemen
8546 20447 175 66 are
8802 20452 392 94 among
9265 20419 180 99 the
9534 20428 274 90 most

7139 20561 855 132 public-spirited
8036 20575 213 99 and
8287 20580 350 128 genial
8702 20584 109 99 of
8868 20580 180 104 the
9094 20584 416 113 colored
9562 20617 236 66 men

7134 20721 123 104 of
7299 20721 435 142 Boston,
7791 20740 208 104 and
8069 20773 170 71 are
8334 20745 506 109 foremost
8924 20754 109 99 in
9132 20787 312 99 every
9534 20754 269 132 good

7143 20924 345 76 cause.
7625 20906 231 113 Rey
7946 20910 104 99 J.
8154 20915 128 104 T.
8381 20915 506 123 Jenifer,
8986 20929 369 118 pastor
9416 20929 118 94 of
9624 20924 184 104 the

7143 21061 794 118 Charles-street
8013 21085 132 99 A.
8225 21085 151 104 M.
8433 21090 132 99 E.
8622 21090 463 128 Church,
9170 21094 94 94 is
9354 21094 246 99 held
9694 21094 109 99 in

7143 21236 175 104 the
7365 21241 420 137 highest
7833 21260 387 94 esteem
8268 21255 165 109 for
8480 21260 165 104 his
8698 21260 482 132 learning
9213 21260 213 104 and
9477 21265 321 132 piety.

7143 21406 47 99 I
7243 21411 208 99 had
7488 21430 189 85 not
7724 21420 184 99 the
7975 21420 482 128 pleasure
8528 21430 118 99 of
8735 21435 463 118 meeting
9269 21430 184 99 the
9510 21430 302 99 other

7143 21586 444 118 pastors,
7644 21609 246 76 save
7937 21619 132 66 an
8121 21586 515 109 excellent
8683 21600 364 118 pastor
9099 21595 113 99 of
9279 21628 66 66 a
9392 21595 420 128 Baptist

7139 21742 416 99 Church
7611 21751 340 99 whose
8003 21784 307 71 name
8357 21756 231 99 Ido
8636 21765 189 90 not
8896 21756 354 99 recall.
9392 21756 132 99 In
9633 21761 175 94 the

7143 21917 236 118 post
7422 21912 298 99 office
7767 21912 47 104 I
7904 21917 340 104 found
8324 21917 383 104 Messrs
8754 21921 213 99 Wm
9038 21921 123 99 O.
9265 21921 543 123 Goodell,

7139 22072 487 113 Timothy
7672 22087 335 104 Tines
8050 22091 213 104 and
8310 22091 104 104 J.
8476 22091 132 104 D.
8669 22091 487 128 Powell,
9203 22091 189 137 jr.,
9449 22106 109 94 at
9609 22096 156 104 dis-

7143 22252 510 132 tributing
7701 22285 326 94 cases,
8074 22261 213 94 and
8334 22261 170 99 Mr
8551 22261 529 99 Downing
9132 22266 109 94 in
9312 22266 180 99 the
9581 22266 161 99 for-

7139 22422 241 128 eign
7422 22422 699 132 department,
8173 22422 146 109 all
8343 22460 359 104 young
8745 22460 288 104 men;
9113 22431 307 104 while
9468 22441 109 94 at
9624 22436 180 104 the

7139 22606 411 90 custom
7597 22597 326 99 house
7970 22597 52 99 I
8069 22597 340 99 found
8476 22597 165 104 Mr
8717 22602 567 99 Mitchell
9331 22602 213 99 and
9638 22602 165 104 Mr

7134 22753 501 109 Mullen.
7776 22767 151 99 At
7970 22762 184 99 the
8197 22762 298 104 State
8537 22767 364 99 House
8934 22767 52 99 I
9033 22767 340 99 found
9444 22767 165 99 Mr
9676 22767 109 109 J.

7139 22923 170 104 W.
7346 22923 430 132 Wolfe,
7809 22932 236 99 who
8069 22932 90 99 is
8211 22965 132 66 an
8391 22942 487 123 attorney
8906 22942 109 99 at
9061 22932 236 128 law,
9345 22932 165 104 Mr
9543 22932 104 104 J.
9685 22937 118 104 J.

7134 23098 335 99 Smith
7507 23102 213 94 and
7753 23098 170 104 Mr
7956 23098 359 104 Lewis
8367 23102 425 123 Haden,
8835 23107 231 94 who
9099 23107 90 99 is
9217 23140 236 66 now
9487 23140 128 66 an
9647 23107 170 99 old

7134 23287 283 99 man,
7469 23263 369 109 knows
7885 23268 146 99 all
8069 23268 180 99 the
8291 23272 165 99 ins
8537 23268 217 104 and
8797 23282 250 94 outs
9099 23272 118 99 of
9265 23272 180 104 the
9520 23272 298 109 State

9978 1139 397 123 House,
10431 1139 208 99 and
10687 1167 203 71 can
10937 1148 194 123 put
11178 1139 165 99 his
11391 1134 293 104 hand
11731 1162 288 104 upon
12066 1134 184 99 the
12317 1134 345 99 oldest

9983 1304 213 109 and
10238 1318 269 90 most
10559 1304 529 109 historical
11140 1304 624 104 documents
11816 1309 104 94 in
11972 1299 184 104 the
12255 1332 350 94 posses-

9983 1479 227 99 sion
10243 1479 118 99 of
10394 1479 180 99 the
10606 1474 879 104 commonwealth
11523 1474 444 99 without
12000 1507 66 71 a
12109 1469 553 104 moment’s

9983 1644 595 104 hesitation.
10724 1644 170 104 Mr
10942 1644 387 104 Haden
11376 1649 90 94 is
11518 1677 61 71 a
11627 1644 477 104 stalwart
12198 1644 397 132 republi-

9983 1847 198 71 can
10233 1819 217 99 and
10488 1814 298 99 looks
10838 1814 250 99 with
11140 1814 444 99 distrust
11636 1847 283 94 upon
11995 1847 213 94 any
12288 1847 373 66 course

9987 1984 236 104 that
10266 1980 444 109 deflects
10753 1989 109 99 in
10894 1984 180 99 the
11126 1980 260 104 least
11447 1984 265 104 from
11764 1980 180 104 the
12000 1984 66 47 “
12113 1984 274 128 good
12487 1984 175 104 old

9987 2159 354 123 way.”
10483 2154 260 99 Miss
10795 2154 326 104 Sadie
11173 2154 548 94 Wardell
11769 2154 208 99 and
12005 2150 170 109 Mr
12208 2154 288 104 John
12529 2154 128 104 F.

9997 2320 444 109 Ranson
10488 2324 274 104 have
10809 2320 510 109 excellent
11367 2348 449 109 soprano
11887 2324 213 104 and
12189 2324 477 109 baritone

9992 2499 392 113 voices,
10441 2494 302 94 while
10795 2494 260 94 Miss
11098 2494 416 99 Stella
11565 2490 553 104 Pinckney
12170 2499 113 94 of
12364 2499 227 99 Wor-

9997 2669 373 118 cester,
10422 2660 217 109 and
10687 2660 165 104 Mr
10894 2655 312 109 Fred
11296 2655 123 104 P.
11528 2655 383 113 White
12005 2669 657 137 manipulate

10002 2835 180 99 the
10228 2835 317 123 piano
10597 2835 246 90 with
10885 2858 231 66 ease
11164 2830 213 99 and
11424 2835 406 94 artistic
11901 2839 364 94 finish.

10276 2991 501 80 Madam
10819 2991 411 80 Nellie
11272 2991 458 85 Brown
11797 2995 614 104 Mitchell,

10006 3137 350 99 whose
10474 3132 680 128 magnificent
11268 3137 307 99 vocal
11683 3146 992 123 accomplishments

10011 3302 269 99 have
10328 3326 113 76 so
10493 3302 302 99 often
10843 3302 213 99 and
11098 3302 113 99 in
11258 3331 113 71 so
11409 3335 317 90 many
11764 3302 354 132 places
12151 3312 524 132 delighted

10011 3472 345 104 lovers
10398 3472 118 99 of
10559 3468 279 132 good
10885 3477 369 113 music,
11339 3472 194 104 has
11622 3477 213 99 lose
11920 3510 279 71 none
12283 3491 123 94 of
12491 3482 189 109 her

10020 3638 463 109 richness
10564 3638 118 109 of
10772 3638 293 109 voice
11154 3638 213 113 and
11461 3643 624 146 amiability.
12222 3647 458 118 Married

10020 3817 180 99 life
10252 3813 194 104 has
10493 3817 539 104 mellowed
11117 3822 189 99 her
11381 3827 293 94 vocal
11721 3855 397 94 powers
12156 3836 217 90 and
12458 3836 227 94 lent

10020 4011 66 71 a
10139 3978 359 104 charm
10554 3978 208 104 and
10809 3987 808 104 attractiveness
11665 3992 113 94 to
11868 3987 184 109 her
12142 3992 539 142 naturally

10020 4153 458 104 sociable
10550 4157 661 123 disposition.
11362 4162 213 99 Her
11655 4162 496 104 husband
12227 4176 90 90 is
12364 4205 61 66 a
12472 4176 208 94 fine

10020 4323 643 128 gentleman,
10720 4323 246 123 and,
11022 4328 274 99 from
11334 4323 283 104 what
11712 4328 52 99 I
11858 4332 312 104 could
12241 4365 203 94 see,
12496 4365 189 71 one

10030 4493 113 99 of
10195 4488 180 109 the
10422 4502 534 99 autocrats
11008 4498 113 104 of
11197 4498 180 104 the
11428 4512 411 94 custom
11929 4507 359 123 house,
12350 4512 340 104 where

10030 4663 132 99 he
10209 4663 198 104 has
10455 4663 241 104 held
10748 4701 61 66 a
10861 4672 449 128 position
11357 4672 113 94 of
11542 4668 335 109 honor
11943 4677 208 99 and
12198 4687 283 90 trust
12529 4682 165 99 for

10030 4861 321 99 many
10398 4861 335 99 years.
10876 4833 350 104 While
11272 4871 132 66 on
11476 4871 66 66 a
11627 4843 250 99 visit
11967 4857 113 90 to
12165 4847 529 99 Madam’s

10039 4998 534 104 beautiful
10625 4994 307 109 home
10980 5031 137 71 on
11159 5003 647 142 Wellington
11896 5022 321 99 street
12307 5013 387 142 Friday

10035 5178 605 118 afternoon,
10691 5178 47 99 I
10776 5211 213 66 was
11041 5183 439 99 favored
11518 5187 255 94 with
11868 5216 283 76 some
12217 5192 477 104 classical

10035 5339 557 99 selections
10620 5343 345 99 which
10994 5376 265 71 were
11310 5348 501 109 rendered
11844 5381 113 76 as
11986 5357 250 132 only
12269 5357 430 113 Madam

10039 5537 198 71 can
10356 5513 373 99 render
10843 5513 326 104 them.
11443 5523 231 99 The
11806 5532 671 123 atmosphere
12586 5537 113 94 of

10039 5669 524 109 Madam’s
10611 5683 307 104 home
10961 5688 90 99 is
11098 5712 194 76 one
11339 5688 113 99 of
11523 5683 472 109 classical
12076 5693 369 123 music,
12496 5698 213 109 and

10039 5849 175 109 the
10294 5854 250 137 lady
10658 5858 118 104 of
10866 5858 184 109 the
11117 5858 312 109 home
11518 5863 85 104 is
11683 5868 137 99 its
11910 5868 184 104 life
12184 5877 213 99 and
12477 5877 222 128 joy.

10039 6014 397 109 Boston
10488 6024 189 104 has
10772 6057 317 104 many
11178 6033 317 99 noble
11589 6033 321 104 ladies
12000 6038 213 99 and
12293 6071 335 76 accom-

10044 6189 406 132 plished
10545 6194 529 128 vocalists,
11164 6203 213 99 and
11466 6203 454 132 perhaps
11962 6208 85 104 it
12137 6213 85 99 is
12298 6222 109 90 to
12496 6213 208 104 this

10044 6387 317 80 cause
10408 6364 85 104 is
10540 6364 203 104 due
10791 6369 184 104 the
11065 6369 288 137 large
11443 6378 444 104 number
11976 6378 118 104 of
12175 6378 189 104 her
12444 6411 194 109 pro-

10044 6543 402 94 minent
10488 6576 279 90 men,
10819 6548 118 99 of
10984 6543 345 104 which
11409 6548 317 104 latter
11806 6553 184 104 she
12066 6591 444 94 appears
12609 6567 109 90 to

10044 6709 321 142 enjoy
10398 6742 61 80 a
10540 6713 359 142 happy
10980 6718 477 109 number.
11608 6718 586 118 Mesdames
12288 6728 231 109 Geo
12591 6728 123 113 L.

10049 6888 463 118 Ruffin,
10550 6888 350 99 James
10975 6893 156 94 M.
11169 6893 539 118 Trotter,
11759 6902 208 90 Wm
12047 6902 137 94 H.
12231 6902 487 123 Dupree,

10049 7044 104 99 J.
10209 7044 123 99 C.
10384 7044 638 128 Chappille,
11074 7049 123 99 T.
11244 7054 132 104 A.
11433 7054 454 128 Ridley,
11943 7058 208 104 and
12231 7058 331 109 ladies
12609 7082 118 109 of

10054 7214 180 113 th#
10318 7219 524 109 Downing
10918 7224 732 142 family—Mrs
11764 7233 165 104 De
12043 7233 472 137 Mortie,
12614 7243 118 109 of

10058 7394 515 128 Virginia,
10630 7427 231 66 now
10951 7403 113 99 in
11140 7394 439 132 Boston,
11665 7413 213 94 and
11986 7408 274 104 Mrs.
12350 7413 302 104 Wash-

10058 7587 430 104 ington,
10606 7564 255 104 with
10994 7578 213 94 two
11376 7578 331 128 single
11820 7578 912 132 daughters—and

10063 7734 624 128 Mesdames,
10795 7739 104 104 S.
11027 7743 137 104 R.
11254 7743 387 128 Riley,
11717 7748 208 104 and
12033 7753 109 104 J.
12222 7748 132 109 D.
12439 7753 222 104 Pow-

10063 7932 231 94 ell,
10408 7904 227 123 Jr.,
10795 7909 354 104 whose
11263 7913 548 99 husbands
11976 7956 175 66 are
12321 7937 411 90 earnest

10063 8069 458 109 workers
10564 8074 113 104 of
10715 8069 241 109 Thh
10998 8074 397 132 Globe,
11494 8112 260 80 were
11854 8121 383 104 among
12288 8121 288 76 some
12619 8093 118 104 of

10063 8249 180 99 the
10290 8249 449 104 married
10786 8249 317 104 ladies
11197 8258 236 99 who
11523 8263 567 128 impressed
12203 8301 165 66 me
12472 8268 255 104 with

10068 8414 274 99 their
10389 8414 548 137 charming
10984 8424 581 137 sociability
11608 8428 203 104 and
11896 8433 482 104 cultured
12444 8466 250 71 man

10072 8622 279 76 ners.
10488 8594 397 132 Young
10928 8598 359 109 misses
11334 8603 236 104 who
11608 8603 359 109 would
12009 8613 307 99 make
12364 8613 373 109 homes

10077 8764 354 137 happy
10469 8769 425 99 abound
10942 8773 109 99 in
11098 8778 539 123 profusive
11688 8778 652 104 abundance.

10531 8967 609 90 Pleasant
11197 8976 1096 85 Remembrances.

10214 9104 184 137 My
10450 9113 246 99 visit
10743 9128 109 85 to
10923 9109 406 109 Boston
11419 9146 213 76 was
11721 9123 425 104 fruitful
12231 9128 118 99 of
12425 9161 317 99 many

10091 9279 482 128 pleasant
10620 9279 524 104 incidents
11192 9288 208 99 and
11452 9293 175 94 the
11683 9288 572 104 formation
12307 9293 113 99 of
12472 9326 283 66 some

10096 9444 647 142 friendships
10791 9449 350 109 which
11187 9454 52 104 I
11287 9458 274 104 trust
11608 9487 241 109 may
11929 9458 269 109 have
12250 9458 250 137 long
12553 9463 203 109 and

10106 9619 482 123 pleasant
10639 9624 534 99 duration.
11320 9628 231 99 The
11598 9633 369 118 people
12019 9633 255 94 with
12317 9633 345 99 whom
12709 9638 47 94 I

10096 9808 288 80 came
10450 9784 104 104 in
10587 9794 430 99 contact
11050 9789 302 104 made
11400 9822 165 76 me
11598 9794 198 104 feel
11820 9827 113 71 as
11967 9794 317 109 much
12317 9803 113 99 at
12454 9794 307 113 home

10101 9987 113 71 as
10261 9954 52 104 I
10365 9959 203 104 feel
10620 9964 109 94 in
10776 9964 255 104 New
11083 9964 335 104 York.
11556 9969 222 99 The
11830 9973 326 99 moral
12203 9978 213 94 and
12458 9978 260 99 intel-

10106 10120 383 109 lectual
10569 10134 241 99 tone
10890 10134 118 99 of
11055 10134 387 132 society
11494 10134 85 99 is
11627 10134 113 104 of
11787 10134 175 104 the
12009 10143 274 94 most
12331 10134 435 142 healthy

10106 10304 406 123 nature,
10635 10299 789 137 incomparably
11537 10304 113 104 in
11740 10304 468 109 advance
12321 10313 123 99 of
12534 10313 236 104 that

10110 10465 340 104 which
10498 10469 416 109 obtains
10965 10479 104 99 in
11140 10474 255 104 New
11471 10474 340 113 York,
11910 10512 288 76 more
12279 10483 487 128 vigorous

10106 10635 260 99 than
10413 10639 236 94 that
10696 10644 118 90 of
10861 10639 728 128 Philadelphia
11665 10649 208 94 and
11962 10677 279 71 more
12331 10649 435 128 healthy

10115 10800 260 109 than
10469 10800 236 113 that
10776 10805 113 109 of
10965 10800 751 146 Washington,
11811 10819 113 104 to
12019 10814 345 109 which
12454 10814 317 109 latter

10115 10980 293 123 place
10460 10980 52 99 I
10559 11013 137 94 go
10743 10980 463 128 Monday
11296 10989 524 123 morning,
11915 10994 213 94 and
12217 10994 213 94 will
12524 11022 184 66 con-

10110 11145 288 99 tinue
10512 11173 175 104 my
10800 11145 482 104 editorial
11386 11154 879 128 correspondence
12354 11154 109 104 in
12553 11154 213 104 this

10115 11329 420 113 present
10578 11324 317 99 issue.
11041 11324 165 99 Mr
11254 11324 104 99 J.
11409 11324 132 99 D.
11598 11324 487 113 Powell,
12137 11329 180 123 jr.,
12369 11324 397 104 Boston

10106 11485 813 128 correspondent
10965 11490 213 99 and
11268 11494 312 118 agent
11674 11490 109 104 of
11872 11490 236 99 The
12189 11490 406 132 Globe,
12676 11494 90 99 is

10106 11655 472 128 untiring
10625 11655 109 99 in
10781 11655 165 99 his
11017 11660 213 99 zeal
11320 11660 109 99 in
11499 11693 194 66 our
11778 11660 430 99 interest
12279 11665 208 94 and
12586 11693 123 99 ap-

10106 11849 302 109 pears
10483 11830 104 99 to
10687 11820 468 113 “take”
11230 11825 255 109 with
11575 11825 175 113 the
11844 11830 269 137 good
12189 11835 369 142 people
12652 11835 113 109 of

10002 11991 562 104 TfSsfonV“
10611 11991 175 104 Mr
10819 11991 496 109 Howard
11362 11962 893 142 L.~SMiTHoPth’e
12288 12005 406 109 Boston
12732 12005 33 14 '

10035 12156 411 109 Leader
10488 12161 213 109 and
10748 12161 420 109 attache
11211 12170 118 104 of
11376 12165 180 109 the
11608 12175 614 137 reportorial
12288 12180 255 109 staff
12576 12189 118 99 of

10030 12340 180 94 the
10257 12326 406 109 Boston
10710 12335 468 137 Evening
11254 12345 255 99 Star
11556 12345 189 104 has
11787 12378 170 99 my
12043 12354 397 99 thanks
12520 12359 175 99 for

10039 12501 454 137 friendly
10531 12510 576 104 attentions
11154 12510 213 104 and
11433 12543 180 109 my
11707 12543 397 109 regrets
12198 12524 231 109 that
12524 12524 165 109 his

10030 12680 359 99 health
10455 12680 94 99 is
10616 12713 307 99 poor;
11003 12690 302 94 while
11400 12699 109 90 to
11598 12690 430 104 Messrs.
12123 12699 340 99 James
12534 12704 142 99 M.

10025 12841 539 128 Trotter,
10620 12846 213 104 Wm
10880 12846 137 104 H.
11079 12850 477 128 Dupree,
11636 12855 208 99 Wm
11929 12860 123 99 O.
12151 12860 524 132 Goodell,

10025 13011 246 99 Hon
10318 13011 392 104 Julius
10762 13016 113 99 C.
10937 13016 628 104 Chappelle
11636 13025 213 99 and
11939 13025 350 104 others
12340 13035 109 99 of
12501 13035 180 99 the

10025 13181 595 104 committee
10672 13181 227 109 who
10970 13191 397 99 invited
11443 13224 165 71 me
11698 13200 109 99 to
11877 13195 435 132 Boston,
12406 13205 52 99 I
12529 13238 104 71 re-

10020 13356 246 94 turn
10328 13384 317 99 many
10691 13356 392 104 thanks
11131 13365 165 94 for
11386 13365 572 99 courtesies
12052 13370 208 99 and
12331 13380 283 94 atten-

10020 13521 274 104 tions
10328 13521 345 104 which
10729 13554 269 76 none
11050 13526 354 109 others
11457 13526 307 113 know
11835 13535 345 109 better
12241 13535 236 113 how
12567 13554 109 94 to

10011 13696 387 104 extend
10483 13696 260 104 than
10828 13701 283 128 they.
11258 13701 175 104 Mr
11518 13706 633 99 Chappelle
12231 13715 203 99 and
12510 13715 170 99 Mr

10016 13861 435 104 Gloven
10498 13894 269 71 were
10814 13899 614 104 passengers
11476 13871 250 104 with
11769 13904 161 76 me
12000 13876 142 137 by
12184 13880 175 99 the
12411 13880 198 109 Nor-

10011 14036 269 104 wich
10361 14036 213 104 line
10620 14046 109 99 to
10776 14041 260 104 New
11107 14041 302 109 York
11499 14046 529 142 Saturday
12094 14055 345 132 night,
12515 14093 109 71 ar-

10006 14211 345 132 riving
10398 14216 104 99 in
10554 14216 260 99 New
10866 14216 298 104 York
11244 14216 439 137 Sunday
11764 14225 487 132 morning
12340 14235 109 94 at
12543 14263 132 71 an

10011 14381 283 132 early
10365 14381 302 104 hour.
12000 14395 128 104 T.
12198 14400 128 99 T.
12406 14395 128 109 F.

10157 14688 345 123 THE
10654 14688 888 132 DOUGLASS
11631 14698 874 142 BANQUET.

10502 14953 411 99 Spirit
10970 14953 146 80 of
11159 14953 217 80 the
11424 14953 746 109 Gathering.

10767 15085 425 71 Editorial
11230 15085 680 90 Correspondence.

10124 15208 775 123 Washington,
10942 15208 213 104 Jan
11202 15213 576 99 2.—There
11811 15217 85 94 is
11934 15217 591 128 something
12562 15222 104 99 in

9997 15373 180 104 the
10224 15378 661 132 atmosphere
10932 15378 118 99 of
11131 15378 694 128 Washington
11882 15387 345 99 which
12279 15387 387 137 always

9992 15548 506 104 exercises
10559 15586 66 66 a
10672 15548 609 137 depressing
11324 15553 213 104 and
11584 15557 298 99 often
11934 15591 57 71 a
12047 15562 619 128 nauseating

9983 15718 520 104 influence
10545 15751 288 99 upon
10909 15751 198 71 me.
11187 15723 510 99 Whether
11740 15728 203 99 this
11976 15728 392 128 feeling
12425 15742 175 90 out-

9987 15921 335 99 grows
10370 15888 274 99 from
10677 15888 170 104 the
10876 15921 402 71 narrow
11306 15893 463 118 partisan
11802 15893 482 104 anthems
12321 15898 326 104 which

9987 16063 255 99 echo
10280 16096 132 66 on
10465 16058 175 104 the
10687 16063 189 123 air,
10913 16087 123 76 or
11083 16063 463 104 whether
11594 16063 180 104 the
11820 16068 397 99 eternal
12250 16072 345 99 discus-

9987 16233 227 99 sion
10261 16233 113 99 of
10469 16233 420 123 politics
10937 16238 298 94 turns
11287 16266 57 66 a
11391 16233 364 99 visitor
11802 16238 222 94 into
12071 16276 61 61 a
12180 16238 468 128 political

9987 16398 340 132 cynic,
10422 16398 47 99 I
10564 16431 170 71 am
10809 16408 189 94 not
11088 16398 510 132 prepared
11688 16413 104 94 to
11868 16431 231 109 say;
12180 16408 198 104 but
12468 16408 180 104 the

9983 16573 340 123 grand
10365 16573 255 123 city,
10668 16569 255 99 with
10970 16573 137 99 its
11154 16573 444 123 culture,
11674 16573 137 99 its
11858 16573 491 132 sleepless
12397 16606 194 71 anx-

9987 16734 246 132 iety,
10280 16734 142 104 its
10455 16739 354 99 barter
10852 16734 113 99 in
11008 16734 661 109 offices—the
11712 16743 208 128 city
11948 16743 118 99 of
12109 16743 482 132 Washing-

9987 16913 180 90 ton
10214 16909 90 94 is
10351 16918 184 90 not
10578 16904 288 99 what
10909 16909 80 99 it
11036 16937 255 66 once
11343 16937 213 66 was
11603 16918 109 90 to
11745 16942 198 66 me.
12028 16909 104 99 It
12180 16918 472 94 contains

9987 17107 317 99 many
10351 17074 364 137 people
10762 17074 52 104 I
10890 17069 331 109 honor
11268 17074 208 104 and
11528 17083 439 128 respect,
12024 17112 66 76 a
12165 17083 203 99 few
12420 17079 231 109 who

9987 17277 170 71 are
10205 17244 397 99 friends
10649 17244 406 123 indeed,
11112 17249 208 94 and
11357 17282 66 61 a
11457 17249 241 99 host
11745 17254 170 90 for
11962 17254 340 99 whose
12354 17254 293 99 short

9983 17414 506 137 comings,
10535 17409 307 113 while
10876 17409 732 142 condemning,
11655 17414 47 104 I
11745 17428 175 123 yet
11957 17419 208 104 feel
12198 17457 61 66 a
12283 17452 302 104 gener-

9987 17622 184 66 ous
10214 17589 307 123 spirit
10559 17589 118 94 of
10720 17589 591 113 toleration,
11348 17584 496 128 knowing
11891 17589 208 99 full
12146 17594 227 94 well
12406 17594 241 94 that

9983 17750 175 109 the
10247 17750 496 137 majority
10838 17750 109 109 of
11036 17750 506 109 mankind
11636 17764 279 94 must
12033 17754 387 142 always
12510 17759 132 109 be

9983 17929 435 94 covered
10465 17957 246 66 over
10743 17929 255 90 with
11036 17929 175 90 the
11244 17929 392 94 mantle
11669 17929 123 94 of
11835 17929 444 128 charity.
12420 17929 222 99 But

9983 18085 175 113 the
10205 18085 515 142 Douglass
10767 18080 520 146 Banquet,
11343 18123 57 71 a
11476 18099 713 128 spontaneous
12250 18094 392 113 tribute

9983 18269 113 94 of
10134 18265 269 123 love,
10441 18274 439 113 respect,
10923 18265 331 99 honor
11277 18265 208 99 and
11518 18274 638 113 veneration,
12203 18274 435 123 bridged

9978 18458 246 71 over
10266 18458 321 94 many
10677 18458 57 71 a
10828 18425 236 137 sigh
11159 18420 208 109 and
11447 18425 354 104 stifled
11872 18458 317 109 many
12246 18463 132 80 an
12477 18463 113 76 ex-

9978 18600 562 104 clamation
10630 18600 113 99 of
10833 18600 666 123 indignation
11546 18600 208 99 and
11811 18605 250 123 pity.
12208 18609 435 123 Indeed,

9978 18770 180 104 the
10209 18765 510 137 Douglass
10757 18765 468 132 banquet
11268 18794 213 80 was
11528 18798 137 71 an
11702 18775 317 99 event
12066 18775 104 99 in
12222 18775 184 104 the
12444 18775 156 113 his-

9978 18954 231 118 tory
10257 18940 113 104 of
10417 18945 180 99 the
10639 18973 274 71 race.
10998 18940 217 104 The
11287 18945 548 99 venerable
11877 18954 350 118 guest,
12283 18954 203 99 full
12534 18964 118 94 of

9978 19139 298 104 years
10365 19110 203 99 and
10658 19115 298 128 great
11022 19106 255 104 with
11357 19110 430 128 honors,
11839 19110 260 109 bent
12189 19115 198 104 low
12482 19120 165 109 his

9978 19285 472 128 majestic
10540 19285 269 99 head
10899 19280 109 104 of
11102 19313 359 99 snowy
11532 19280 548 109 whiteness
12180 19294 208 94 and
12491 19328 104 66 re-

9973 19450 364 99 ceived
10380 19450 255 99 with
10682 19446 652 137 pleasurable
11414 19450 506 99 emotions
11972 19450 180 104 the
12198 19450 444 142 homage

9973 19630 118 99 of
10134 19663 66 66 a
10247 19620 241 109 host
10531 19620 118 104 of
10724 19654 236 71 men
11008 19620 113 104 of
11211 19616 165 109 his
11424 19654 274 90 race,
11754 19620 170 109 the
11976 19625 501 137 majority
12524 19635 113 99 of

9973 19795 340 90 whom
10361 19819 265 66 were
10668 19786 411 99 unborn
11131 19819 113 61 or
11334 19786 109 94 in
11494 19786 269 99 their
11816 19791 435 128 infancy
12335 19795 312 99 when

9973 19956 132 109 he
10148 19989 213 76 was
10413 19951 633 137 thundering
11093 19951 411 137 against
11546 19951 180 109 the
11802 19956 454 142 iniquity
12307 19965 118 104 of
12468 19975 175 99 the

9973 20131 288 94 slave
10309 20154 350 99 power
10701 20121 208 99 and
10956 20126 180 94 the
11225 20121 520 99 manifold
11820 20154 411 99 wrongs
12283 20131 113 99 of
12487 20140 161 94 his

9973 20329 236 66 own
10299 20320 269 80 race.
10706 20287 435 109 Around
11216 20287 184 109 the
11499 20287 378 109 festive
11962 20291 335 109 board
12387 20334 260 76 were

9973 20461 576 104 assembled
10597 20461 180 94 the
10809 20461 350 94 flower
11220 20461 109 94 of
11381 20461 331 113 youth
11759 20461 213 99 and
12019 20461 180 104 the
12250 20476 397 94 mellow

9969 20631 458 128 fruitage
10465 20622 113 104 of
10668 20622 175 104 old
10928 20631 737 123 age—mature
11712 20660 189 99 age
11981 20631 208 104 and
12269 20636 373 109 tender

9973 20797 671 137 youth—full
10691 20797 118 99 of
10894 20797 213 99 zeal
11159 20797 109 99 in
11362 20797 175 99 the
11598 20830 312 71 cause
11957 20806 118 99 of
12165 20806 170 104 the
12420 20844 231 71 race

9973 20967 203 104 and
10209 20962 203 109 full
10465 20967 113 99 of
10620 20962 524 132 gratitude
11192 20962 208 104 and
11447 20962 231 104 love
11712 20967 165 99 for
11924 20967 213 109 him
12180 20976 231 109 who
12444 20976 208 109 had

9973 21137 425 104 labored
10446 21165 113 71 so
10611 21142 246 123 long
10909 21132 213 104 and
11169 21132 312 104 loved
11528 21137 288 104 them
11844 21170 113 71 so
12005 21142 274 109 well.
12425 21151 227 104 The

9973 21340 203 66 sun
10261 21307 350 99 which
10715 21302 213 104 had
11041 21302 463 104 traveled
11589 21307 184 99 the
11868 21312 331 99 world
12302 21354 350 76 across

9973 21472 416 99 flooded
10479 21472 180 94 the
10701 21472 425 94 horizon
11178 21468 246 94 with
11513 21472 676 128 resplendent
12236 21482 359 132 bright-

9978 21666 269 94 ness,
10304 21633 298 104 while
10691 21633 180 99 the
10918 21628 694 137 worshippers
11660 21666 132 66 on
11844 21652 548 99 mountain
12444 21661 208 99 and

9978 21808 109 94 in
10176 21803 340 128 valley
10564 21798 345 104 hailed
10998 21798 132 99 its
11216 21827 350 99 power
11655 21808 213 99 and
11915 21822 539 118 greatness
12543 21827 109 104 in

9978 21969 520 132 language
10531 21964 420 109 thrilled
10980 21964 241 104 with
11268 21964 180 104 the
11490 22002 340 104 magic
11858 21978 109 104 of
12005 21997 643 104 veneration.

9978 22139 170 104 Mr
10191 22139 529 128 Douglass
10767 22134 203 104 had
11022 22134 274 104 lived
11343 22143 113 94 to
11509 22172 165 71 see
11726 22143 175 104 the
11948 22153 208 99 full
12236 22162 420 104 harvest

9978 22309 118 99 of
10186 22299 161 109 bis
10398 22299 288 132 early
10776 22299 397 132 labors;
11254 22299 180 109 the
11513 22304 430 113 harvest
12033 22351 208 76 was
12312 22342 298 118 great

9978 22474 217 104 and
10243 22474 161 99 his
10446 22474 709 128 gratification
11202 22507 213 71 was
11480 22507 142 71 no
11669 22483 198 104 less
11915 22507 335 109 great.

10672 22639 293 80 Hon
11069 22639 132 76 B.
11277 22639 161 80 K.
11523 22644 439 104 Bruce,

9978 22776 236 99 who
10309 22772 180 104 did
10583 22772 180 104 the
10857 22772 383 109 honors
11287 22776 113 99 of
11447 22776 184 109 the
11679 22800 387 118 august
12113 22809 491 99 occasion

9987 22975 208 71 was
10276 22942 496 132 eloquent
10847 22942 213 104 and
11150 22956 411 94 earnest
11603 22951 109 99 in
11759 22956 165 104 his
12000 22970 477 104 remarks
12524 22984 123 99 of

9992 23112 491 99 welcome
10564 23121 113 90 to
10724 23112 180 99 the
10956 23112 458 104 honored
11457 23131 335 113 guest.
11939 23131 227 104 The
12246 23140 350 104 follow-

9987 23282 189 123 ing
10214 23277 94 99 is
10375 23310 61 76 a
10479 23272 208 104 full
10734 23287 354 118 report
11121 23277 113 109 of
11287 23282 170 104 Mr
11504 23277 435 123 Bruce’g
11991 23306 520 99 remarks:

12973 1124 699 104 Gentlemen:
13753 1120 194 104 We
14031 1148 175 76 are
14287 1115 241 104 here
14617 1120 113 94 to
14802 1110 137 104 do
15005 1106 345 99 honor
15425 1110 113 90 to

12831 1318 165 52 our
13025 1299 250 85 guest
13309 1290 170 76 and
13540 1285 647 94 distinguished
14249 1280 718 85 fellow-citizen,
15019 1271 198 76 Hon
15283 1271 208 76 Fred-

12836 1422 250 71 erick
13124 1417 439 90 Douglass,
13602 1413 165 76 and
13809 1413 38 71 I
13880 1408 331 76 submit
14244 1427 52 52 a
14329 1408 175 71 few
14542 1403 501 76 reflections
15076 1389 468 99 suggested

12836 1550 113 85 by
12983 1550 151 71 the
13167 1540 439 76 occasion.
13701 1535 175 71 Our
13909 1535 246 85 guest
14192 1545 430 71 possesses
14665 1526 420 90 qualities
15118 1521 99 76 of
15293 1517 250 76 mind

12836 1677 161 71 and
13044 1677 241 66 heart
13323 1663 293 76 which
13682 1654 288 80 would
14031 1658 217 71 have
14277 1654 250 71 made
14575 1649 184 76 him
14820 1668 52 57 a
14910 1668 180 57 mu.
15128 1620 146 104 Jed
15340 1658 198 57 man

12841 1805 90 66 in
12964 1814 170 66 any
13167 1786 543 85 community
13748 1781 175 76 and
13951 1781 373 85 brought
14381 1776 184 71 him
14622 1776 529 76 distinction
15217 1776 90 66 in
15373 1786 170 76 any

12836 1937 302 57 career
13167 1913 293 76 which
13498 1918 109 71 he
13644 1913 279 85 might
13956 1913 222 66 have
14211 1904 420 76 selected.
14726 1899 184 76 The
14976 1894 567 90 recognition

12836 2046 260 90 given
13176 2046 189 71 him
13398 2036 411 90 to-night,
13847 2031 265 76 while
14150 2027 482 90 conceding
14665 2036 90 66 to
14792 2027 184 76 him
15009 2022 146 76 the
15217 2036 279 76 posses-

12836 2169 194 76 sion
13063 2173 99 71 of
13191 2178 241 80 great
13465 2164 425 80 abilities,
13928 2159 203 76 does
14169 2164 151 66 not
14357 2154 449 90 primarily
14839 2169 99 57 or
15005 2145 534 94 principally

12841 2291 378 90 proceed
13271 2310 227 71 upon
13535 2287 175 80 this
13748 2277 539 85 concession,
14324 2277 161 71 but
14518 2291 231 76 upon
14778 2277 161 71 the
14995 2272 350 76 further
15373 2268 165 76 and

12841 2414 482 76 honorable
13356 2419 194 71 fact
13587 2414 189 71 that
13814 2414 113 66 he
13961 2400 572 80 consecrated
14565 2400 142 71 bls
14759 2400 241 80 great
15052 2414 335 66 powers
15449 2400 94 66 to

12841 2537 156 76 the
13039 2537 666 85 emancipation
13739 2532 165 71 and
13942 2523 444 80 elevation
14419 2523 99 66 of
14565 2518 132 71 his
14735 2532 227 57 race.

12926 2660 184 76 The
13148 2669 241 85 great
13427 2655 657 99 philanthropic
14112 2646 510 80 movement
14655 2636 288 80 which
15000 2636 373 76 enlisted
15406 2636 137 76 his

12841 2787 534 90 sympathies
13441 2787 165 66 and
13654 2787 43 66 f
13724 2778 416 76 urnished
14206 2773 411 76 occasion
14660 2769 146 71 for
14839 2764 146 71 the
15024 2764 387 71 exercise
15454 2764 90 71 of

12841 2910 137 66 bis
13044 2924 340 71 powers
13446 2906 165 71 had
13677 2906 118 71 its
13861 2901 458 85 inception
14357 2887 293 90 nearly
14688 2906 52 52 a
14773 2891 364 76 century
15175 2896 156 71 ago
15369 2882 94 66 In
15501 2896 52 52 a

12855 3028 430 94 profound
13318 3024 506 80 conviction
13857 3024 94 76 of
13994 3024 156 76 the
14183 3014 770 94 unrighteousness
14986 3000 165 80 and
15180 3000 288 80 barbar-

12846 3156 128 80 ity
13011 3156 99 66 of
13143 3156 321 66 human
13507 3156 369 80 slavery.
13970 3146 184 76 The
14202 3146 335 80 history
14575 3142 99 71 of
14707 3137 472 71 American
15255 3146 236 52 eman-

12865 3274 397 85 cipation
13299 3274 392 71 exhibits
13720 3269 151 76 the
13909 3283 236 57 same
14206 3260 350 99 general
14622 3250 709 85 characteristics
15364 3246 146 76 tha
15515 3227 38 66 1

12855 3397 217 80 have
13110 3397 657 90 distinguished
13800 3392 118 76 all
13946 3402 246 80 great
14239 3387 472 76 endeavors
14754 3387 142 71 for
14934 3378 156 76 the
15151 3369 369 80 amellor

12855 3524 241 66 atlon
13139 3524 165 66 and
13365 3520 638 85 improvement
14065 3515 99 71 of
14220 3515 156 71 the
14428 3510 454 71 condition
14943 3510 99 66 of
15104 3491 416 80 mankind

12855 3638 279 90 First,
13186 3638 151 80 the
13375 3643 373 76 abstract
13786 3638 520 94 conception
14329 3633 99 76 of
14471 3647 109 57 an
14617 3628 383 90 existing
15028 3638 298 76 wrong
15387 3614 165 76 and

12869 3775 151 76 the
13096 3770 557 90 recognition
13720 3770 94 76 of
13876 3770 151 76 the
14088 3765 482 90 obligation
14603 3770 94 61 to
14740 3765 345 66 correct
15151 3756 109 80 it;
15307 3756 246 71 next’

12860 3893 151 71 the
13049 3893 411 66 creation
13498 3893 90 66 of
13658 3902 52 57 a
13743 3888 364 85 popular
14140 3883 510 76 sentiment,
14707 3879 90 66 in
14858 3879 416 80 harmony
15331 3869 222 71 with

12865 4011 151 80 the
13054 4011 534 90 conception
13616 4006 94 76 of
13743 4006 213 94 duty
13989 4002 170 80 and
14178 4002 454 90 adequate,
14665 3997 90 76 in
14778 3992 775 85 itsmalntenance,

12865 4143 90 71 to
13030 4143 146 71 the
13233 4139 231 76 evils
13540 4134 510 90 recognized
14117 4129 165 76 and
14348 4124 425 90 proposed
14835 4134 90 66 to
14957 4124 109 71 be
15099 4115 454 99 removed;

12855 4261 165 66 and
13054 4261 213 71 then
13309 4266 420 66 concrete
13767 4257 321 76 action,
14126 4252 151 71 the
14315 4247 506 85 expression
14858 4247 85 66 in
14986 4243 156 66 law
15184 4238 165 66 and
15406 4238 99 66 ad-

12860 4380 600 76 ministration
13502 4380 94 76 of
13625 4380 151 76 the
13819 4370 482 99 regulative
14329 4370 402 90 opinions
14764 4365 94 71 of
14891 4365 146 76 the
15076 4356 345 99 people.

12964 4502 180 80 The
13238 4507 283 71 labors
13578 4507 99 71 of
13743 4502 477 76 Frederick
14282 4493 444 94 Douglass,
14806 4493 132 71 for
15000 4488 151 76 the
15213 4488 345 85 greater

12865 4625 345 85 portion
13261 4630 94 71 of
13389 4625 137 71 his
13564 4625 189 85 life,
13786 4639 231 57 were
14050 4616 397 76 directed
14471 4625 94 66 to
14589 4616 151 71 the
14773 4606 784 85 accomplishment

12865 4748 94 71 of
13006 4748 137 71 his
13181 4748 269 85 grand
13483 4743 364 71 mission
13880 4743 250 71 when
14169 4743 151 71 the
14353 4739 302 85 dreary
14683 4734 208 71 road
14920 4729 109 71 he
15061 4748 94 57 so
15222 4724 283 76 heroic-

12865 4866 175 90 ally
13072 4866 425 76 travelled
13535 4885 175 52 was
13743 4866 331 85 lighted
14112 4866 142 66 for
14282 4861 184 71 him
14499 4861 109 85 by
14641 4857 156 76 the
14830 4852 444 71 subllmist
15293 4847 260 76 faith.

12869 4989 170 76 For
13110 5003 241 57 more
13422 4989 208 76 than
13696 5008 47 52 a
13805 4984 515 94 generation
14381 4980 137 76 his
14584 4980 411 90 eloquent
15061 4980 496 71 utterances

12869 5135 76 57 w
12973 5135 146 57 ere
13153 5117 402 76 directed
13583 5121 90 71 to
13710 5112 529 94 quickening
14268 5112 151 76 the
14457 5107 293 94 public
14816 5102 515 76 conscience
15387 5102 165 76 and

12869 5244 383 80 forming
13290 5244 161 66 the
13488 5239 298 85 public
13819 5239 458 85 judgment
14310 5235 90 66 in
14433 5235 151 66 the
14617 5225 439 76 direction
15090 5225 94 71 of
15231 5225 321 85 justice

12898 5357 175 76 and
13110 5357 170 76 fair
13328 5357 345 90 dealing
13706 5353 326 80 toward
14065 5372 104 52 an
14206 5348 458 94 oppressed
14698 5348 345 90 people.

12964 5485 180 76 The
13209 5490 335 85 apestle
13611 5490 94 71 of
13776 5485 321 85 liberty
14173 5480 165 76 and
14400 5480 321 71 human
14792 5490 416 76 progress,
15255 5471 109 76 he
15406 5471 146 71 has

12893 5603 246 76 lived
13167 5613 94 61 to
13299 5603 312 71 behold
13644 5613 151 61 not
13838 5603 203 85 only
14098 5603 156 71 the
14315 5594 482 76 successful
14863 5594 690 71 consummation

12883 5726 94 80 of
13025 5726 142 80 his
13200 5726 269 90 work,
13507 5726 156 80 but
13696 5726 420 85 survives,
14154 5731 90 71 to
14277 5721 198 94 give
14509 5721 151 76 the
14698 5712 302 99 people
15061 5717 146 76 for
15265 5712 288 76 whom

12888 5863 104 71 he
13030 5863 151 71 has
13238 5858 425 76 achieved
13696 5877 94 57 so
13828 5858 288 80 much,
14140 5854 146 76 the
14320 5854 477 85 advantage
14830 5849 94 71 of
14962 5844 208 76 wise
15198 5844 354 76 counsel

12888 6000 113 57 on
13039 5981 236 76 their
13318 5991 402 61 entrance
13762 5991 227 76 upon
14022 5976 151 71 the
14206 5991 189 57 new
14428 5976 165 66 and
14627 5976 293 61 better
14953 5986 146 52 era
15161 5967 94 71 of
15317 5967 241 66 their

12898 6104 373 85 history.
13365 6104 184 76 The
13611 6099 307 76 divine
13984 6099 387 71 Teacher
14433 6094 208 71 hath
14702 6090 397 76 declared
15156 6090 194 76 that
15416 6085 137 71 “A

12893 6231 279 71 man’s
13243 6231 165 71 life
13483 6227 208 76 doth
13757 6236 151 66 not
13975 6222 331 76 consist
14367 6222 94 71 in
14513 6222 151 71 the
14707 6222 506 71 abundance
15246 6217 94 71 of
15402 6213 151 76 the

12888 6354 298 90 things
13219 6354 288 76 which
13540 6350 109 71 he
13687 6359 463 80 possesses;
14197 6345 194 71 that
14424 6345 113 71 its
14565 6340 340 90 dignity
14943 6335 76 76 is
15061 6340 90 71 in
15189 6335 156 76 the
15369 6354 142 71 per-

12893 6482 269 85 sonal,
13219 6491 156 66 not
13422 6482 151 76 the
13639 6477 402 80 relative,
14079 6472 411 90 qualities
14523 6468 194 76 that
14769 6468 250 76 make
15057 6468 109 76 it:
15217 6468 189 76 that
15444 6468 113 76 its

12898 6576 250 66 value
13209 6572 161 66 and
13436 6572 269 66 honor
13757 6586 142 47 are
13937 6576 90 57 to
14065 6567 104 66 be
14206 6562 312 85 sought
14575 6557 161 71 and
14783 6557 269 66 found
15094 6557 85 66 in
15217 6557 231 71 what
15487 6557 71 66 it

12898 6661 99 85 is,
13044 6661 298 71 rattier
13375 6657 203 76 than
13616 6657 231 71 what
13871 6652 71 71 it
13980 6652 175 80 has,
14192 6647 90 71 in
14320 6647 113 76 its
14480 6647 449 71 character
14995 6643 288 71 rather
15350 6643 203 71 than

12898 6751 90 76 in
13030 6751 109 76 its
13176 6746 643 90 surroundings.
13909 6737 180 85 The
14131 6737 312 94 logical
14476 6746 435 80 sequence
14943 6732 99 80 of
15076 6732 246 80 these
15378 6751 142 76 pre-

12902 6846 260 71 mises
13200 6846 99 76 is,
13342 6846 184 66 that
13559 6836 624 85 development
14216 6850 293 57 comes
14542 6831 227 71 from
14806 6827 312 71 within
15184 6827 165 71 and
15406 6836 156 61 not

12898 6935 227 61 from
13167 6931 397 71 without,
13606 6926 161 66 and
13809 6926 331 61 that-no
14178 6921 340 80 people,
14551 6921 411 61 however
15024 6912 260 66 much
15350 6912 208 99 they

12902 7025 189 66 may
13139 7011 213 66 have
13389 7011 217 61 been
13644 7002 506 71 stimulated
14178 6997 161 71 and
14376 6997 255 71 aided
14665 6997 109 80 by
14839 6992 392 66 exterior
15283 6987 231 71 auxil-

12898 7096 288 85 iaries,
13252 7110 203 57 ever
13521 7087 425 80 achieved
14022 7101 104 57 an
14206 7077 468 80 honorable
14778 7091 387 80 progress
15241 7082 321 85 except

12902 7191 317 90 largely
13290 7191 369 90 through
13720 7186 151 76 the
13937 7176 685 94 representative
14683 7191 194 57 men
14948 7167 430 99 produced
15454 7172 109 90 by

12902 7285 236 71 them
13176 7280 156 71 and
13375 7280 312 76 within
13720 7266 279 94 them;
14036 7271 165 76 and
14244 7271 33 76 1
14315 7290 194 71 may
14542 7266 161 76 add
14740 7266 180 71 also
14953 7266 189 71 that
15203 7280 113 57 no
15378 7280 142 57 suc-

12902 7389 184 52 cess
13120 7370 420 71 achieved
13583 7370 104 85 by
13724 7389 47 47 a
13809 7380 194 57 race
14041 7380 170 52 was
14244 7375 208 57 ever
14490 7361 198 80 long
14740 7356 534 66 maintained
15312 7356 250 66 when

12907 7460 71 66 it
13020 7455 307 71 ceased
13361 7460 90 66 to
13488 7455 454 85 recognize
13984 7450 113 71 its
14154 7441 690 90 representative
14910 7436 354 71 leaders.
15359 7436 123 71 As
15510 7455 52 47 a

12907 7545 449 71 historical
13422 7545 208 76 fact,
13701 7540 397 85 marking
14154 7535 156 71 the
14367 7545 392 71 progress
14820 7526 94 71 of
14953 7545 47 52 a
15033 7521 340 90 people,
15416 7521 146 71 the

12907 7630 534 76 remarkable
13512 7644 198 57 men
13776 7630 194 71 who
14031 7620 227 76 arise
14329 7620 90 71 in
14452 7616 146 76 the
14631 7616 416 71 different
15085 7630 184 52 eras
15307 7611 90 71 of
15444 7611 118 71 its

12907 7720 600 85 development
13540 7734 146 57 are
13724 7710 430 94 produced
14192 7715 85 66 in
14310 7724 340 71 groups,
14688 7715 151 61 not
14872 7701 94 76 in
14995 7720 47 57 a
15076 7701 298 80 series,
15411 7701 151 71 the

12907 7828 161 52 one
13106 7809 524 85 succeeding
13663 7814 151 66 the
13847 7809 250 71 other
14131 7819 90 52 as
14254 7800 156 71 the
14443 7795 231 71 links
14707 7800 369 71 connect
15109 7791 165 71 and
15335 7805 170 57 com-

12907 7899 231 80 plete
13176 7899 151 66 the
13356 7894 288 71 chain.

13002 7980 94 71 In
13153 7994 231 57 some
13446 7980 387 80 respects
13885 7970 76 76 it
14013 7989 198 76 may
14244 7970 109 66 be
14405 7965 184 71 said
14622 7965 189 71 that
14877 7980 156 52 our
15066 7965 250 80 guest
15350 7961 71 66 is
15458 7975 104 52 an

12912 8065 463 90 exception
13408 8074 90 66 to
13535 8065 175 76 this
13748 8055 449 80 historical
14263 8055 217 71 rule.
14575 8050 288 76 While
14920 8046 449 90 receiving
15411 8046 151 71 the

12912 8159 454 90 sympathy
13417 8159 165 71 and
13644 8154 146 71 aid
13857 8154 90 71 of
14008 8169 250 71 many
14291 8145 520 76 co-laborers
14844 8145 94 71 of
14972 8140 137 76 his
15142 8154 194 57 own
15369 8154 198 57 race

12912 8254 165 71 and
13120 8268 255 71 many
13436 8249 250 71 noble
13743 8244 302 85 spirits
14102 8249 151 66 not
14282 8239 94 71 of
14424 8239 132 71 his
14594 8235 307 90 people
14967 8235 142 80 he,
15146 8235 90 66 in
15269 8244 109 57 an
15416 8230 99 71 im-

12917 8348 345 76 portant
13294 8353 279 61 sense,
13606 8334 109 85 by
13753 8334 137 66 his
13928 8348 198 66 very
14164 8324 491 80 eminence,
14688 8343 175 52 was
14915 8315 369 76 isolated
15340 8315 227 66 from

12917 8419 132 76 his
13087 8424 364 80 fellows,
13488 8424 161 71 and
13687 8419 161 71 had
13885 8433 109 57 no
14027 8409 737 90 contemporaries
14797 8409 90 71 in
14920 8405 156 76 the
15109 8405 227 71 most
15369 8405 161 66 crit-

12917 8513 165 71 ical
13120 8513 302 90 period
13446 8513 94 71 of
13578 8509 132 76 his
13748 8504 647 94 philanthropic
14443 8513 331 57 career.
14872 8499 94 71 In
15024 8494 151 76 the
15227 8490 340 90 dignity

12917 8608 94 71 of
13077 8608 146 71 the
13290 8613 241 80 great
13597 8613 369 76 purpose
14031 8594 189 76 that
14287 8594 151 66 has
14499 8589 487 71 controlled
15047 8580 213 85 him,
15298 8584 90 66 in
15420 8580 151 76 the

12917 8693 501 85 magnitude
13488 8693 90 66 of
13644 8693 151 66 the
13861 8688 241 71 work
14169 8679 676 90 accomplished,
14877 8679 90 66 in
15005 8669 151 76 the
15189 8669 387 76 resolute

12921 8778 557 90 prosecution
13517 8778 90 71 of
13639 8778 137 66 his
13814 8773 392 76 mission,
14244 8769 94 71 in
14400 8769 146 71 the
14598 8769 302 80 steady
14962 8759 614 71 maintenance

12827 8844 14 113 I
12917 8868 94 76 of
13054 8868 132 76 his
13228 8868 411 90 integrity
13677 8863 165 71 and
13876 8863 146 71 the
14065 8858 439 76 retention
14542 8854 94 76 of
14693 8849 293 94 public
15043 8844 534 80 confldence,

12921 8957 373 90 through
13356 8962 109 66 all
13535 8962 151 71 the
13734 8972 241 71 years
14027 8953 94 71 of
14173 8957 260 66 storm
14476 8943 161 76 and
14674 8943 387 80 conflict,
15094 8957 128 52 we
15265 8934 312 71 behold

12921 9052 151 71 the
13110 9052 383 71 element
13531 9047 90 71 of
13654 9066 52 52 a
13739 9052 241 80 great
14013 9043 449 71 character
14494 9038 161 71 aud
14688 9033 156 76 the
14896 9028 468 76 evidences
15387 9024 99 71 of
15529 9043 47 57 a

12917 9137 265 85 grand
13209 9151 326 57 career.
15557 9137 19 85 .

13011 9227 128 66 He
13181 9241 449 71 possesses,
13672 9236 90 57 as
13795 9222 146 66 the
13984 9217 194 71 heir
14211 9217 94 71 of
14339 9213 482 80 humanity,
14854 9203 151 76 the
15061 9213 387 61 measure
15487 9203 90 66 of

12926 9312 515 66 intirniatles
13479 9312 184 66 that
13701 9321 241 57 come
13984 9312 90 61 to
14107 9302 146 71 the
14291 9302 128 66 lot
14452 9302 90 66 of
14580 9298 146 71 the
14769 9288 430 76 humblest
15231 9293 165 66 and
15430 9288 146 66 the

12926 9402 298 71 wisest
13261 9402 269 76 alike;
13583 9397 156 71 but
13767 9392 90 76 in
13894 9392 132 71 his
14060 9387 416 76 relations
14513 9392 90 66 to
14641 9387 132 76 his
14839 9387 236 80 great
15142 9378 236 71 work
15420 9369 156 76 and

12931 9491 90 71 in
13058 9491 137 76 his
13228 9491 331 76 actions
13597 9487 90 71 in
13724 9487 113 71 its
13876 9482 317 85 behalf,
14230 9482 76 76 it
14339 9496 189 71 may
14565 9477 109 71 be
14707 9477 184 71 said
14929 9472 90 71 in
15080 9491 47 52 a
15189 9491 203 71 very
15430 9463 99 71 im-

12931 9591 345 76 portant
13313 9600 274 57 sense,
13630 9576 109 71 he
13776 9576 246 66 made
14060 9591 109 52 no
14206 9572 444 76 mistakes,
14683 9567 194 76 and,
14920 9567 85 66 in
15071 9567 463 80 retrospect-

12931 9680 146 66 ing
13110 9671 146 61 the
13294 9676 189 71 past
13550 9666 109 61 he
13696 9661 175 71 will
13909 9657 170 66 lind
14121 9671 104 52 no
14254 9657 406 66 occasion
14693 9657 142 61 for
14868 9647 288 71 either
15198 9652 378 66 revision

12931 9765 94 52 or
13063 9746 591 71 modiiicatlon
13691 9742 94 71 of
13819 9742 132 71 his
13998 9737 321 76 action.

13025 9836 33 76 I
13096 9846 359 66 content
13493 9831 312 94 myself
13843 9827 213 76 with
14088 9846 52 57 a
14178 9827 198 76 Anal
14443 9822 397 90 thought.
14929 9817 184 76 The
15156 9836 203 57 man
15392 9817 184 80 who

12935 9931 175 71 will
13153 9950 241 52 serve
13427 9950 161 52 one
13625 9931 94 71 of
13753 9926 137 76 his
13923 9926 340 71 fellows
14301 9926 227 66 must
14561 9935 246 52 serve
14835 9912 142 76 all.
15071 9912 180 76 The
15288 9912 288 76 efforts

12931 10016 142 66 for
13139 10035 161 47 one
13365 10016 543 80 community
13975 10011 397 80 honestly
14409 10016 151 76 put
14627 10006 236 66 forth
14929 10011 231 61 must
15208 10011 317 61 contem-

12940 10101 227 85 plate
13266 10101 151 71 the
13512 10101 425 80 fostering
14022 10096 94 71 of
14211 10096 113 66 all
14405 10091 317 76 virtue,
14787 10087 161 71 and
15019 10101 213 57 even
15302 10087 76 71 if
15439 10087 137 71 the

12940 10191 255 71 effort
13261 10191 104 76 be
13431 10191 354 90 specific
13852 10191 137 71 for
14055 10181 231 90 right
14348 10181 265 85 doing
14650 10181 90 66 in
14773 10195 165 52 one
14967 10176 439 71 direction
15439 10176 137 76 the

12940 10280 425 90 tendency
13408 10285 90 66 of
13535 10280 175 76 this
13748 10280 335 80 henest,
14121 10280 345 66 earnest
14499 10285 364 76 purpose
14920 10271 76 66 is
15043 10276 94 66 to
15189 10285 246 71 carry
15496 10290 80 47 us

12940 10370 369 71 forward
13342 10370 90 66 in
13465 10370 146 71 the
13644 10365 439 71 direction
14140 10365 94 66 of
14296 10365 113 66 all
14476 10361 198 66 well
14735 10356 293 90 doing.
15118 10356 458 71 Frederick

12940 10455 416 90 Douglass
13394 10455 269 71 found
13701 10455 132 71 his
13890 10469 194 57 own
14140 10450 307 90 people
14499 10446 151 76 the
14707 10446 345 90 subject
15104 10446 94 71 of
15250 10460 283 71 oppres-

12940 10545 217 80 sion,
13238 10550 146 66 the
13455 10545 293 85 object
13814 10545 94 66 of
13975 10540 354 85 specific
14395 10554 359 66 wrongs,
14825 10535 161 71 and
15052 10535 137 66 his
15222 10535 198 66 love
15454 10535 123 66 for

12940 10635 449 76 humanity
13465 10649 217 66 gave
13753 10630 180 61 first
13998 10625 402 66 occasion
14433 10625 142 66 for
14622 10620 411 85 practical
15071 10620 392 66 exercise
15506 10620 71 61 in

12940 10715 175 66 this
13176 10715 506 71 distressful
13748 10710 454 71 condition
14249 10710 94 66 of
14414 10710 137 66 his
14617 10720 194 57 race
14877 10706 165 71 and
15094 10706 113 71 its
15231 10706 180 66 first
15454 10715 85 57 ex-

12940 10800 392 94 pression
13365 10805 90 71 in
13493 10819 104 57 an
13639 10800 255 76 effort
13928 10805 90 66 to
14050 10800 345 71 redeem
14424 10795 241 76 them
14698 10795 231 76 from
14962 10791 231 80 their
15231 10805 345 76 wrongs.

12940 10899 99 66 In
13106 10899 151 71 the
13323 10899 775 85 accomplishment
14164 10894 94 71 of
14306 10890 175 76 this
14546 10890 241 76 work
14820 10890 104 71 he
14991 10890 387 85 wrought
15444 10894 132 61 not

12940 10989 194 76 only
13176 10989 189 66 that
13398 10989 142 61 for
13573 10984 288 66 which
13928 10980 104 66 he
14098 10980 529 80 specifically
14693 10980 373 76 labored,
15137 10975 180 76 but,
15364 10980 213 61 from

12940 11069 146 61 the
13148 11083 203 66 very
13384 11065 581 71 constitution
13998 11065 94 66 of
14126 11060 359 85 society,
14523 11060 104 66 he
14665 11060 439 85 currently
15137 11055 312 90 helped
15477 11055 99 71 all

12935 11154 151 71 the
13139 11169 236 57 races
13408 11154 165 71 aud
13606 11150 109 76 all
13753 11154 146 71 the
13937 11145 307 94 people
14282 11150 94 71 of
14405 11145 180 76 this
14617 11145 425 90 republic.

13025 11235 350 104 To-day,
13413 11244 369 76 because
13819 11244 109 71 he
13984 11244 146 71 has
14187 11239 231 76 lived
14471 11239 165 76 and
14688 11239 378 80 labored,
15128 11235 146 76 the
15331 11235 246 76 world

12940 11334 146 71 has
13120 11353 47 47 a
13233 11339 307 80 higher
13573 11339 406 66 estimate
14013 11334 94 66 of
14173 11334 146 66 the
14372 11329 392 85 strength
14811 11329 161 66 and
15043 11315 534 80 beneficence

12940 11424 94 61 of
13091 11424 189 66 free
13351 11419 572 71 institutions,
13984 11414 165 71 and
14202 11433 52 47 a
14306 11414 359 71 broader
14717 11414 161 66 and
14915 11414 293 66 firmer
15241 11409 227 71 faith
15506 11409 71 66 in

12940 11504 151 76 the
13129 11504 557 90 capabilities
13720 11504 165 71 and
13918 11504 302 76 future
14244 11499 94 71 of
14372 11518 156 52 our
14561 11513 402 61 common
15000 11499 482 80 humanity.

13077 11655 156 104 Mi
13276 11650 345 104 Bruce
13663 11655 260 94 then
13970 11646 624 104 introduced

13342 11820 265 90 The
13672 11816 383 90 Guest
14117 11811 142 90 of
14339 11811 217 90 the
14617 11811 609 104 Evening,

12860 12146 553 142 pleausure
13460 12156 113 94 to
13620 12137 312 113 make
13980 12180 61 71 a
14088 12142 198 109 few
14329 12142 524 137 remarks;
14896 12142 198 109 but
15142 12142 128 104 he
15317 12142 213 113 had

12865 12359 312 66 never
13276 12326 265 99 been
13630 12331 274 128 good
14022 12335 109 94 at
14249 12326 869 128 speech-making
15123 12321 406 99 —after

12860 12496 402 104 dinner.
13403 12496 411 109 Nature
13904 12496 208 104 had
14169 12496 265 104 done
14523 12496 449 132 nothing
15047 12491 175 104 for
15307 12487 217 109 him

12855 12676 109 94 in
13011 12671 241 104 that
13290 12685 439 113 respect.
13871 12671 165 104 He
14126 12676 227 94 said
14400 12676 132 94 he
14580 12671 208 99 had
14858 12699 317 66 never
15222 12666 302 99 made

12855 12869 66 66 a
12978 12836 293 104 short
13313 12841 387 128 speech
13753 12841 250 99 with
14060 12841 340 99 which
14447 12836 132 104 he
14627 12831 213 104 had
14887 12831 260 99 been
15222 12831 250 99 satis-

12855 13006 208 99 fied
13072 13039 321 66 —nor
13446 13039 61 66 a
13554 13006 255 123 long
13899 13035 198 71 one
14145 13006 260 99 with
14443 13002 340 99 which
14868 13030 402 99 anyone
15312 12997 208 99 else

12855 13172 208 109 had
13115 13176 260 99 been
13417 13176 501 104 satisfied.
14069 13167 657 142 [Laughter].
14802 13167 161 109 He
15009 13200 213 76 was
15269 13167 250 132 glad

12850 13351 109 90 to
13011 13375 165 66 see
13224 13342 170 104 Mr
13479 13342 335 104 Bruce
13909 13351 109 94 in
14065 13361 180 85 tne
14296 13342 539 132 presiding
14877 13342 326 99 chair.
15350 13337 165 99 He

12850 13507 208 113 had
13110 13512 444 109 differed
13606 13512 241 109 with
13899 13545 317 94 many
14310 13512 194 109 but
14551 13512 104 109 in
14735 13512 180 109 the
14991 13507 524 137 language

12846 13691 113 94 of
13011 13691 175 99 the
13280 13696 524 123 martyred
13852 13691 567 128 president,
14480 13691 71 47 “
14608 13691 250 99 with
14910 13687 406 128 charity
15359 13701 104 85 to-

12846 13861 335 104 wards
13233 13857 180 132 all,
13446 13861 255 104 with
13748 13861 364 104 malice
14150 13861 454 104 towards
14636 13857 392 104 none.”
15104 13852 194 109 His
15326 13857 184 104 life

12846 14036 213 104 had
13115 14041 250 99 been
13408 14074 279 66 more
13734 14041 113 99 of
13937 14036 317 104 cloud
14329 14036 260 104 than
14636 14031 534 132 sunshine,
15227 14069 279 71 more

12846 14211 118 99 of
13035 14220 331 90 storm
13413 14211 260 99 than
13720 14211 449 99 ofcalm.
14244 14211 76 52 “
14376 14211 255 104 This
14679 14211 477 99 occasion
15203 14211 85 99 is
15326 14206 180 104 the

12846 14376 586 109 Twentieth
13521 14386 671 128 anniversary
14235 14381 109 99 of
14433 14376 184 109 the
14702 14376 803 132 Emancipation

12850 14551 822 137 Proclamation]
13739 14551 104 128 (a
13932 14551 397 104 tribute
14414 14584 217 71 was
14745 14551 246 132 paid
15080 14565 113 85 to
15288 14546 213 104 him

12850 14721 231 109 who
13162 14721 208 109 had
13469 14721 350 104 issued
13909 14721 175 132 it);
14140 14726 406 128 slavery
14598 14750 213 71 was
14858 14717 184 104 the
15109 14750 236 71 sum
15392 14721 118 99 of

12846 14891 142 104 all
13035 14891 557 104 villianies.
13720 14891 307 99 Until
14069 14891 217 99 this
14357 14887 198 132 day
14598 14920 151 71 we
14825 14887 217 104 had
15109 14920 137 66 no
15340 14891 113 94 fu-

12846 15071 279 118 ture;
13167 15061 269 99 until
13479 15061 208 99 this
13720 15061 203 128 day
13965 15061 175 99 the
14178 15090 241 66 man
14452 15061 118 94 of
14589 15061 279 94 sable
14901 15061 208 94 hue
15132 15057 203 99 had
15369 15090 132 66 no

12841 15241 482 118 country,
13380 15260 132 66 no
13554 15227 411 128 glory.”
14088 15222 161 99 He
14296 15255 203 71 was
14580 15227 109 94 in
14754 15217 397 104 Boston
15203 15222 298 99 when

12841 15397 180 99 the
13068 15397 392 128 tidings
13498 15397 109 99 of
13677 15392 180 104 the
13890 15392 798 123 Emancipation
14731 15387 770 109 Proclamation

12836 15567 444 99 reached
13332 15567 236 99 that
13620 15567 213 128 city
13885 15562 213 104 and
14145 15562 534 99 described
14731 15562 180 104 the
14957 15562 529 104 universal

12831 15732 184 132 joy
13068 15737 345 99 which
13469 15732 557 118 prevailed.
14102 15732 194 99 We
14343 15737 288 94 must
14679 15732 269 128 fight
14991 15732 170 99 for
15203 15761 241 94 prac-

12836 15902 250 104 tical
13228 15898 463 137 equality
13776 15898 255 104 with
14121 15898 529 132 industry,
14750 15898 402 132 loyalty
15293 15902 208 104 and

12831 16077 416 99 wealth.
13394 16072 194 104 We
13635 16106 265 71 were
13932 16077 317 128 given
14339 16077 383 128 liberty
14769 16072 449 104 without
15298 16106 203 104 any

12831 16252 113 90 of
13035 16247 180 94 the
13309 16276 317 99 props
13720 16247 109 94 of
13923 16247 416 123 liberty.
14480 16243 416 109 To-day
14981 16243 302 104 there
15331 16276 170 71 are

12831 16417 435 123 200,000
13318 16417 416 99 colored
13781 16417 468 99 children
14301 16417 109 99 in
14457 16413 180 104 the
14683 16417 411 99 schools
15146 16417 118 104 of
15331 16417 175 99 the

12831 16583 789 132 laud—twenty
13668 16620 298 94 years
13994 16620 194 94 ago
14239 16583 293 104 there
14580 16616 265 71 were
14891 16611 307 76 none.
15279 16587 222 109 The

12827 16786 236 76 race
13110 16753 350 109 would
13512 16762 175 123 yet
13724 16753 529 109 vindicate
14296 16757 137 104 its
14485 16757 477 128 capacity
15000 16757 208 104 and
15260 16786 184 76 con-

12827 16918 331 99 found
13205 16923 132 94 its
13398 16918 487 104 (memies.

13436 17121 283 85 Hon
13800 17121 345 85 John
14225 17121 132 85 R.
14438 17121 435 104 Lynch

12827 17291 208 71 was
13134 17263 269 123 hope
13441 17263 137 99 iul
13672 17263 109 99 of
13852 17263 184 94 the
14131 17291 482 99 progress
14698 17263 113 99 of
14887 17263 175 99 the
15109 17296 241 71 race
15397 17268 104 99 in

12822 17395 676 180 Mississippi
13644 17428 236 109 The
13932 17461 307 76 name
14310 17433 113 99 of
14499 17428 557 109 Frederick
15151 17433 288 142 Doug-

12827 17608 203 94 lass
13082 17631 208 66 was
13389 17631 71 76 a
13535 17598 586 99 household
14169 17603 288 99 word
14504 17608 104 90 in
14688 17636 321 94 many
15057 17613 454 99 sections

12827 17773 113 104 of
13011 17769 165 109 his
13233 17773 326 132 state;
13616 17773 85 104 it
13748 17769 369 109 served
14159 17806 118 71 as
14320 17806 137 71 an
14509 17773 624 137 inspiration
15184 17783 109 99 to
15340 17778 165 109 his

12822 17943 406 123 people.
13375 17943 128 94 In
13602 17948 165 90 his
13857 17943 430 123 opinion
14381 17943 420 99 colored
14868 17976 246 66 men
15156 17953 354 94 would

12841 18118 184 99 not
13167 18109 246 142 only
13512 18109 246 113 lead
13880 18109 732 132 society—but
14707 18123 539 132 represent
15326 18123 184 109 the

12836 18288 373 90 wealth
13257 18288 113 90 of
13446 18283 241 99 that
13739 18288 402 90 section
14187 18288 113 94 in
14348 18288 184 94 the
14589 18293 397 94 future.
15071 18293 439 109 Colored

12827 18477 241 76 men
13120 18444 198 109 will
13380 18444 312 118 reaich
13743 18444 180 109 the
13970 18454 458 132 greatest
14480 18482 472 80 measure
14991 18458 118 104 of
15175 18454 340 123 honor

12822 18628 203 94 and
13077 18657 420 66 success
13545 18628 109 99 in
13739 18633 175 90 the
14017 18633 350 94 south.
14518 18633 227 99 The
14792 18666 255 99 very

12822 18789 222 109 tion
13091 18789 345 109 which
13493 18822 151 80 we
13739 18803 576 99 encounter
14357 18798 109 104 in
14523 18798 213 109 this
14764 18808 454 137 country
15265 18813 90 104 is
15449 18846 61 76 a

12822 18973 491 99 stimulus
13365 18973 350 94 which
13767 18973 213 94 will
14027 19006 260 94 spur
14334 19006 123 66 us
14509 19006 170 66 on.
14759 18978 137 94 So
14948 18983 170 94 far
15165 19011 113 66 as
15331 18983 180 104 the

12817 19134 416 109 colored
13280 19139 378 132 people
13701 19134 118 109 of
13885 19134 184 109 the
14159 19139 317 104 south
14528 19172 260 80 were
14882 19153 619 132 concerned,

12817 19309 255 128 they
13120 19342 170 66 are
13342 19342 61 66 a
13455 19309 458 113 grateful
13965 19318 406 123 people.
14480 19318 345 99 There
14872 19318 85 99 is
15009 19351 137 66 no
15198 19356 307 66 name

12822 19474 250 142 they
13110 19483 482 94 venerate
13644 19507 326 104 more,
14013 19512 118 76 or
14178 19479 326 142 speak
14556 19483 113 104 of
14735 19483 454 142 oftener,
15241 19488 265 118 than

12822 19654 236 99 that
13148 19654 113 99 of
13332 19654 180 99 the
13592 19654 784 132 distinguished
14419 19672 317 113 guest
14778 19663 123 99 of
14967 19663 184 99 the
15198 19701 246 66 even-

12822 19814 217 128 ing.
13701 19833 90 175 |

13422 19980 373 90 Houl
13814 19989 345 85 John
14263 19989 128 85 P.
14457 19994 454 94 Green,

12822 20121 468 99 member
13380 20126 118 94 of
13564 20126 236 104 they
13847 20131 265 94 Ohio
14211 20126 690 128 Legislature,
14953 20131 227 104 said
15269 20140 236 104 that

12822 20287 180 104 the
13049 20287 416 109 colored
13512 20324 246 76 man
13805 20310 123 118 (as
13980 20334 66 66 a
14088 20296 543 132 legislator
14669 20329 213 76 was
14929 20334 137 71 an
15099 20310 345 128 experi-

12822 20471 321 85 ment.
13219 20461 165 94 He
13422 20466 690 109 enumerated
14159 20476 175 90 the
14372 20466 383 132 galaxy
14787 20480 113 90 of
14967 20504 189 71 our
15203 20480 255 128 legis-

12822 20622 321 109 lators
13191 20627 255 104 with
13498 20608 529 227 pleasure.
14164 20631 246 113 Hon
14461 20636 397 137 Joseph
14948 20636 146 109 H.
15156 20641 345 146 Rainy

12827 20806 113 99 of
13011 20802 335 104 South
13398 20806 539 128 Carolins,
13994 20811 208 99 had
14254 20811 255 132 kept
14556 20811 165 99 his
14769 20811 331 104 honor
15146 20816 364 137 bright

12822 20972 109 99 in
12978 20972 180 104 the
13186 20972 515 137 Congress
13729 21019 146 66 on
13932 20981 180 109 the
14150 20986 430 132 Nation;
14631 20986 392 104 Robert
15057 20981 449 118 Browne

12822 21142 378 109 Elliott
13247 21151 208 104 had
13540 21156 302 104 stood
13951 21156 208 109 like
14211 21189 61 71 a
14320 21151 302 137 pillar
14702 21156 113 99 of
14887 21156 184 104 fire
15161 21165 109 99 in
15321 21165 189 109 the

12827 21321 468 128 struggle
13346 21326 165 94 for
13559 21326 180 99 the
13791 21331 255 99 civil
14093 21331 331 123 rights
14471 21331 118 94 of
14655 21326 175 99 the
14868 21359 269 76 race.
15260 21331 246 109 Hon

12827 21477 128 104 B.
13011 21482 142 104 K.
13200 21482 378 128 Bruce,
13620 21491 241 99 Hon
13923 21491 283 99 John
14258 21491 132 99 R.
14447 21487 411 128 Lynch,
14887 21491 246 104 Hon
15170 21496 335 104 Rob’t

12831 21647 416 132 Smalls,
13304 21657 217 99 and
13573 21657 175 99 the
13800 21657 255 128 long
14093 21657 175 99 list
14310 21661 113 94 of
14499 21661 307 94 those
14854 21694 236 66 men
15142 21666 113 99 of
15321 21671 189 99 the

12831 21850 236 71 race
13124 21822 231 104 who
13389 21827 208 104 had
13654 21822 317 104 stood
14008 21827 869 128 representativse
14924 21831 109 99 in
15085 21831 180 109 the
15321 21869 123 76 na-

12831 21987 321 109 tional
13191 21997 633 137 legislature,
13866 22025 283 76 rwere
14187 21997 699 137 conspicuous
14924 22006 165 99 for
15118 22011 383 132 worth,

12831 22162 402 137 loyalty
13290 22172 208 99 and
13545 22167 416 123 ability.
14112 22167 189 99 We
14348 22167 208 99 live
14603 22172 109 94 in
14759 22205 137 71 an
14948 22209 175 71 era
15213 22181 298 104 filled

12831 22332 255 99 with
13139 22332 274 132 hope
13531 22337 203 109 and
13833 22365 425 76 success
14306 22337 165 104 for
14518 22342 180 99 the
14745 22342 420 109 colored
15213 22384 283 76 man.

13620 22512 170 76 Dr
13866 22512 137 71 H.
14069 22507 128 76 T.
14244 22507 510 80 Tanner

12831 22644 113 99 of
13011 22639 184 104 the
13247 22644 539 104 Christian
13833 22630 524 123 Reorder
14391 22644 397 128 gloried
14835 22649 109 104 in
14981 22639 180 113 the
15203 22672 302 113 great

12827 22809 359 104 future
13233 22814 165 104 for
13446 22819 180 99 the
13672 22776 425 142 colored
14131 22843 345 99 press.
14617 22814 165 104 He
14830 22819 472 113 believed
15392 22833 109 99 in

12831 22984 969 104 Americanization.
13946 22961 274 132 The''
14272 22989 397 109 United
14783 22998 354 104 States
15236 23036 269 71 were

12827 23150 274 123 good
13148 23154 420 132 enough
13620 23154 161 99 for
13809 23145 279 113 Rim.
14239 23164 170 94 He
14447 23192 213 71 was
14754 23169 425 128 pleased
15269 23173 241 104 that

12831 23315 406 109 neither
13280 23320 170 104 Mr
13502 23320 468 109 Garfield
13998 23357 189 71 nor
14235 23324 553 118 President
14830 23334 416 113 Arthur
15293 23343 213 109 had

15713 1091 430 109 alluded
16186 1101 109 90 to
16342 1091 180 104 the
16569 1101 283 99 color
16942 1115 477 123 question
17471 1120 109 104 in
17631 1124 274 109 their
17991 1087 80 146 fl

15718 1299 548 99 messages.
16422 1266 161 104 He
16658 1271 250 109 took
16998 1280 85 99 it
17173 1323 113 66 as
17334 1328 61 66 a
17438 1299 279 128 good
17806 1233 265 194 sign!

15723 1441 482 137 pictured
16252 1441 109 99 in
16417 1436 449 132 glowing
16956 1455 317 104 terms
17362 1465 180 104 the
17589 1474 359 109 future
18005 1455 66 128 1

15723 1611 420 109 colored
16200 1639 331 104 press.
16654 1611 222 104 The
16923 1616 194 137 sky
17169 1658 208 76 was
17428 1635 383 142 bright,
17868 1649 109 104 th
18024 1611 47 165 3

15723 1824 208 66 was
15983 1795 340 123 great,
16380 1781 213 104 and
16639 1781 128 99 he
16819 1819 203 71 was
17079 1805 180 85 not
17306 1805 439 109 without
17816 1800 255 156 hop!

15713 1965 184 104 the
15950 1956 449 132 knights
16431 1956 123 104 of
16620 1951 184 109 the
16899 1961 265 132 quill
17216 1970 340 109 would
17636 1980 203 109 rise
17920 2027 47 66 e
17976 1923 94 165 J

15718 2135 180 104 the
15964 2131 524 104 occasion.

16167 2301 298 80 Hon
16540 2296 491 104 George
17088 2301 175 85 W.
17306 2306 647 118 Williams,
18033 2235 38 175 I

15850 2443 425 104 Author
16351 2447 113 94 of
16564 2443 180 94 the
16795 2438 435 128 “Negro
17277 2447 288 99 Race
17608 2457 109 94 in
17797 2466 274 104 Amel

15723 2646 208 76 was
15978 2622 118 104 at
16172 2613 317 109 home
16535 2641 137 76 on
16724 2608 175 109 the
16994 2608 425 137 subject
17461 2622 113 104 of
17655 2622 298 118 “The
18052 2570 19 175 I

15718 2787 543 99 Author.”
16408 2787 369 94 Phillis
16833 2783 539 132 Wheatly,
17419 2787 567 137 Banneker,
18047 2726 24 175 1

15723 2953 250 137 lass,
16025 2957 397 109 Martin
16474 2957 137 109 R.
16701 2948 506 142 Delaney,
17263 2948 392 146 Bishop
17707 2957 364 156 Pay.iej

15723 3132 213 128 hop
16030 3132 364 123 Ward,
16450 3132 260 99 Prof
16805 3132 780 128 Scarborough,
17641 3132 146 99 Dr
17872 3146 198 104 Tail

15728 3298 180 104 the
15954 3298 184 104 list
16186 3302 113 104 of
16342 3335 364 71 names
16762 3302 236 99 who
17041 3298 269 104 have
17362 3302 709 156 contributed]

15728 3468 543 99 literature
16365 3506 208 71 was
16658 3472 628 104 exhausted.
17428 3472 222 104 The
17750 3439 321 184 intell]

15728 3643 180 113 the
15973 3671 246 80 race
16313 3671 213 80 was
16620 3647 534 137 vigorous,
17263 3643 472 146 healthy,
17835 3661 236 142 and]

15728 3822 397 128 largely
16167 3822 718 123 imaginative,
16932 3855 213 66 was
17197 3841 189 80 not
17461 3794 609 170 altogether]

15728 3997 189 99 out
15964 3983 184 109 the
16228 3978 647 146 speculative
16928 3992 293 99 turn.
17367 3987 227 109 The
17683 3997 246 104 next
17976 3945 94 208 t]

15723 4167 208 99 five
15978 4195 302 99 years
16332 4157 350 104 would
16762 4167 416 99 witness
17230 4167 454 94 marvels
17764 4167 109 94 in
17924 4134 146 180 th]

15728 4332 586 137 producing
16398 4328 496 137 capacity
16975 4328 113 104 of
17178 4328 189 109 the
17461 4361 274 76 race.
17887 4332 99 109 It
18057 4294 14 175 1

15723 4507 317 104 reach
16087 4535 137 76 an
16299 4502 609 123 honorable,
16965 4535 137 71 an
17197 4512 713 123 appreciative
17981 4535 90 109 pj

15728 4677 213 99 this
16020 4672 255 132 high
16370 4672 378 132 sphere
16843 4677 123 99 of
17041 4677 638 99 usefulness.
17820 4677 165 99 He
18066 4644 5 161 I

15723 4857 184 85 not
15964 4843 543 123 speculate
16597 4871 288 99 upon
16942 4843 180 99 the
17197 4843 416 123 future,
17665 4843 132 99 he
17854 4814 217 132 woul

15728 5013 283 109 draw
16063 5046 241 109 rosy
16351 5013 501 142 pictures,
16909 5013 198 109 but
17178 5017 250 104 time
17480 5013 354 113 would
17882 5017 184 109 sho

15718 5192 279 123 good
16091 5187 364 104 result.
16606 5192 222 99 The
16894 5192 562 123 gathering
17499 5197 123 94 of
17717 5192 175 99 the
17976 5225 94 66 ev

15728 5391 213 71 was
16011 5386 132 76 an
16195 5357 496 109 evidence
16767 5357 118 104 of
16961 5357 189 109 the
17197 5357 657 109 intellectual
17939 5362 132 165 vi{|

15728 5532 180 94 the
15997 5561 236 66 race
16328 5532 104 94 in
16550 5532 345 94 which
16989 5532 132 94 he
17239 5532 501 118 rejoiced,
17858 5532 213 94 and;

15732 5693 345 109 which
16129 5693 132 109 he
16309 5693 506 137 gathered
16852 5688 321 113 much
17230 5688 274 146 hope
17542 5688 213 113 and
17792 5698 279 109 comf

16228 5868 265 76 The
16578 5868 444 76 Editor
17060 5868 146 76 of
17272 5868 222 76 the
17537 5863 397 80 Globe

15865 6000 496 104 Believed
16389 6005 109 99 in
16550 6033 137 71 an
16724 6000 718 132 independent
17490 6028 331 104 press.
17962 6000 94 104 It
18085 5995 113 109 fl

15728 6180 496 90 outburst
16276 6170 113 99 of
16483 6170 180 99 the
16715 6170 449 132 popular
17216 6170 236 99 will.
17608 6170 189 99 We
17849 6170 203 99 had
18080 6137 118 132 fl

15732 6335 317 109 uated
16101 6340 274 99 from
16450 6335 416 137 slavery
16918 6340 113 104 of
17126 6335 180 104 the
17357 6331 260 104 limb
17717 6340 109 94 to
17872 6298 326 161 slayfl

15728 6515 184 99 the
15997 6510 515 104 intellect.
16658 6515 194 99 We
16946 6548 175 66 are
17216 6543 236 66 now
17546 6482 652 128 sufficientfl

15728 6680 383 109 moved
16157 6680 274 109 from
16512 6680 175 109 the
16743 6699 241 123 past
17083 6685 109 104 to
17244 6676 557 113 dissociate
17896 6643 302 146 ourfl

15732 6860 274 94 from
16096 6888 198 66 our
16384 6860 397 94 former
16847 6855 586 113 condition,
17532 6855 208 99 and
17816 6865 104 85 to
18005 6836 194 156 lefl

15732 7044 241 71 men
16020 7016 208 99 and
16280 7016 359 128 things
16691 7044 113 71 as
16857 7016 302 99 other
17211 7044 236 71 men
17499 7011 175 104 do.
17816 6983 383 137 Sevefl

15732 7195 217 104 lion
15997 7191 378 137 people
16422 7191 317 109 could
16786 7200 189 99 not
17022 7191 345 109 afford
17419 7200 109 94 to
17575 7195 312 104 stand
17953 7157 246 142 offfl

15732 7365 614 123 43,000,000
16431 7365 213 94 and
16734 7365 128 94 be
16909 7394 638 99 prosperous
17641 7365 208 99 and
17939 7332 260 137 hafl

15742 7531 255 132 they
16044 7540 279 94 most
16375 7559 298 76 cease
16720 7540 109 94 to
16890 7535 118 99 be
17060 7569 61 66 a
17197 7531 387 113 special
17636 7535 208 99 and
17901 7502 298 132 beefl

15737 7734 491 71 common
16294 7701 411 132 people.
16847 7701 165 104 He
17060 7701 312 104 cared
17452 7701 458 132 nothing
17962 7710 236 99 fora

15742 7871 194 99 ties
15983 7871 213 99 and
16243 7871 468 123 thought
16762 7871 213 99 this
17017 7871 180 99 the
17244 7871 420 128 general
17707 7843 491 132 sentimfl

15737 8031 718 137 independent
16545 8036 666 132 journalism.
17357 8036 350 142 Every
17759 7994 439 156 colorefl

15742 8244 189 99 per
15973 8211 392 104 should
16413 8211 128 99 be
16587 8244 132 71 an
16762 8216 713 128 independent
17518 8249 246 71 one.

16441 8376 487 85 Profß.
16970 8381 132 76 T.
17169 8381 567 85 Greener

15879 8513 260 109 Was
16228 8513 430 137 pleased
16710 8532 109 90 to
16909 8513 491 113 welcome
17452 8528 175 99 the
17717 8532 312 128 guest
18066 8561 76 71 a

15746 8688 449 128 evening
16290 8721 118 66 as
16498 8688 180 99 the
16729 8688 449 104 “Victor
17268 8693 321 132 Hugo
17636 8702 118 94 of
17844 8702 184 99 the
18118 8707 47 85 1

15751 8854 354 104 race.”
16243 8854 165 104 He
16460 8858 435 132 pointed
16942 8872 109 90 to
17150 8858 274 109 Fred
17476 8863 520 137 Douglass
18094 8901 47 71 a

15742 9024 321 132 facile
16096 9028 482 137 princeps
16630 9033 113 99 of
16791 9033 180 99 the
17022 9066 274 71 race.
17447 9038 227 104 The
17740 9047 317 123 guest
18099 9071 66 71 a

15756 9198 454 128 evening
16276 9227 213 76 was
16587 9231 392 99 among
17031 9203 180 99 the
17263 9236 255 99 very
17598 9208 231 99 first
17863 9213 302 99 indea

15756 9373 184 90 ent
16025 9359 416 109 colored
16535 9392 274 76 men.
16951 9369 222 109 The
17220 9369 420 109 colored
17702 9406 250 76 man
18000 9373 142 137 di]

15756 9543 652 123 emancipate
16507 9543 458 99 himself.
17107 9543 104 104 It
17296 9548 189 99 has
17584 9548 255 99 been
17891 9548 208 99 said

15756 9699 184 99 the
15983 9704 614 128 republican
16644 9713 312 123 party
17027 9704 90 104 is
17169 9737 61 71 a
17277 9704 241 137 ship
17589 9713 208 99 and
17849 9709 142 109 all
18038 9742 57 76 o

15756 9869 118 104 of
15917 9869 85 109 it
16039 9874 85 104 is
16157 9912 213 90 sea,
16408 9879 666 132 expanseless
17107 9893 406 118 waters,
17551 9888 213 99 and
17806 9888 180 99 the
18028 9921 57 66 c
18146 9869 9 142 i

15761 10072 250 71 man
16054 10072 213 71 was
16304 10054 189 90 not
16540 10044 317 132 likely
16899 10058 113 90 to
17055 10049 312 132 jump
17400 10054 633 104 over-board

15765 10214 288 109 time.
16191 10214 165 104 He
16403 10219 345 104 would
16800 10219 283 104 stick
17131 10233 109 90 to
17296 10219 175 104 the
17518 10224 236 132 ship
17806 10224 255 109 until
18146 10214 9 142 I

15761 10394 161 94 ter
15969 10413 194 76 one
16209 10417 293 71 came
16550 10389 354 132 along.

16280 10554 317 76 Prof
16630 10554 439 80 James
17173 10559 146 76 M.
17381 10559 572 99 Gregory
18071 10545 47 90 i

15765 10682 591 132 responded
16441 10696 113 94 to
16606 10687 180 104 the
16857 10696 279 94 toast
17206 10696 113 99 of
17386 10691 184 109 the
17617 10701 71 43 “
17731 10696 302 109 Color
18066 10658 85 151 li

15765 10857 373 109 Public
16228 10857 567 109 Schools.”
16942 10866 198 99 His
17230 10871 468 99 remarks
17750 10904 128 71 on
17920 10871 217 109 th®

15761 11027 217 123 ject
16025 11055 269 66 were
16384 11036 449 113 earnest,
16894 11027 383 132 logical
17367 11036 213 94 and
17650 10989 524 180 eloquent,

15775 11225 260 76 were
16124 11197 543 137 sustained
16762 11202 137 132 by
16946 11206 435 132 copious
17471 11206 491 109 citations
18009 11192 161 128 (of

15765 11367 213 94 and
16025 11367 265 118 fact,
16342 11367 350 94 which
16786 11367 265 104 have
17107 11372 269 94 their
17461 11376 482 128 dwelling
17995 11324 194 151 faa!

15775 11528 175 104 the
16044 11528 354 104 breast
16488 11532 109 99 of
16672 11565 487 71 common
17263 11537 591 137 humanity.
17986 11528 213 113 Ki

15765 11693 468 137 opposed
16365 11693 307 109 heart
16762 11702 217 104 and
17093 11712 227 99 soul
17438 11726 109 85 to
17641 11712 180 104 the
17910 11717 288 104 iiwiis

15770 11872 671 109 distinctions
16531 11882 529 128 practised
17154 11891 411 123 against
17655 11891 180 99 the
17901 11924 241 76 rae

15699 12033 704 161 appeideT~to
16498 12009 1224 175 its^marfiiooinfri^^

15699 12236 250 104 tend
15997 12241 411 128 against
16455 12246 331 123 them,
16814 12279 118 66 as
16961 12255 85 90 it
17079 12283 208 66 was
17339 12255 246 128 only
17622 12260 142 128 by
17797 12293 269 66 sucn

15699 12411 406 99 tention
16157 12411 236 99 that
16474 12411 378 128 justice
16904 12416 350 104 would
17339 12420 510 137 triumph.
17991 12425 85 109 It

15699 12586 109 94 to
15855 12576 184 109 the
16087 12581 369 104 efforts
16502 12591 118 99 of
16687 12586 265 104 Prof
16998 12591 472 132 Gregory
17523 12628 283 71 more
17858 12600 246 104 than

15694 12746 298 99 other
16039 12746 231 104 that
16323 12751 175 94 the
16550 12756 463 99 brilliant
17065 12789 416 71 success
17532 12765 109 94 of
17674 12765 180 99 the
17910 12765 194 104 ban

15690 12912 85 99 is
15827 12912 246 99 due.
16209 12917 165 99 He
16422 12950 213 76 was
16672 12921 548 104 fortunate
17263 12931 113 94 in
17424 12926 496 137 bringing
17967 12945 123 90 ta
18151 12912 14 151 I

15694 13110 109 71 er
15850 13110 236 71 men
16139 13082 118 104 of
16323 13091 600 128 reputation
16965 13091 279 109 from
17296 13124 317 109 many
17655 13106 435 99 sections

15685 13252 104 94 in
15841 13252 472 132 drawing
16365 13266 184 90 out
16597 13290 288 71 some
16932 13266 113 99 of
17121 13271 175 94 the
17348 13271 236 99 best
17631 13271 449 104 sentime
18161 13252 14 132 1

15685 13417 180 104 the
15954 13450 274 76 race.
16375 13427 255 99 Prof
16743 13427 222 109 Geo
17065 13427 165 109 W.
17334 13431 293 113 Cook
17721 13474 274 104 gave
18170 13413 19 165 ।

15694 13592 468 142 Gregory
16214 13602 491 109 valuable
16753 13611 624 104 assistance.
18128 13569 38 146 1

16375 13762 24 104 I
16483 13767 175 80 Dr
16696 13772 128 80 E.
16871 13776 170 76 W.
17079 13776 496 99 Blyden

15680 13899 118 104 of
15860 13899 458 132 Liberia,
16375 13904 198 109 Mr.
16630 13913 113 104 J.
16809 13913 175 109 W.
17022 13913 557 113 Cromwell
17627 13923 113 104 of
17811 13923 189 113 the
18090 13861 109 175 fl

15657 14069 269 137 pie's
15954 14074 553 137 Advocate,
16564 14083 175 104 Mr
16786 14088 340 104 Jessie
17178 14088 487 137 Lawson,
17721 14093 246 109 Hon
18061 14107 137 99 la

15676 14244 420 132 Smalls,
16157 14249 170 104 Mr
16417 14249 246 109 Wm
16762 14258 132 99 E.
16951 14258 609 132 Matthews,
17617 14268 170 99 Mr
17854 14202 345 170 Johifl

15676 14409 411 137 Ewing,
16167 14414 170 109 Mr
16417 14419 392 109 Milton
16880 14428 151 104 M.
17107 14428 515 137 Holland,
17683 14438 213 104 and
17976 14438 222 109 otM

15694 14584 302 104 made
16039 14589 501 128 eloquent
16592 14594 213 104 and
16843 14598 633 109 instructive
17528 14613 524 104 remarks.
18142 14556 57 156 I

16394 14764 605 90 Political
17060 14773 605 94 Opinion.

15680 14896 416 128 Among
16143 14896 416 104 colored
16620 14934 236 71 men
16909 14906 109 99 in
17055 14910 704 137 Washington
17835 14887 468 137 thereM

15680 15061 633 128 widespread
16365 15076 392 123 feeling
16800 15080 118 94 of
16994 15094 359 90 unrest
17409 15085 203 99 and
17660 15033 643 203 uncertaifl

15676 15255 189 76 nor
15912 15231 180 99 did
16162 15269 151 66 we
16408 15241 227 99 find
16724 15246 241 99 that
17079 15255 605 132 unanimity
17754 15260 123 99 of
17948 15194 354 198 opiJl

15680 15397 345 109 which
16077 15406 189 104 has
16313 15439 123 71 so
16479 15406 260 137 long
16781 15411 269 109 been
17145 15420 794 113 characteristic
18009 15430 113 104 of
18198 15373 104 161 31

15676 15576 369 123 people
16091 15576 217 99 and
16380 15581 340 128 place.
16805 15586 643 113 Confidence
17499 15600 99 99 in
17655 15600 170 104 Mr
17872 15567 430 142 Arthurt

15676 15742 850 109 administration
16606 15751 194 104 has
16923 15765 260 94 been
17254 15794 113 71 so
17409 15765 515 142 violently
17972 15775 331 104 shakei

15676 15907 236 104 that
15959 15940 255 99 very
16261 15912 274 109 little
16587 15926 491 104 remains.
17220 15931 165 109 He
17447 15935 194 104 has
17693 15940 369 104 shown
18109 15917 194 156 su<^

15671 16077 269 132 lofty
15987 16082 543 132 disregard
16578 16096 113 99 of
16762 16096 184 104 the
16994 16129 269 99 race,
17301 16106 198 104 has
17546 16110 534 109 srcrificed
18123 16120 90 99 it
18260 16134 43 85 9

15680 16247 704 137 Washington
16479 16261 217 94 and
16743 16261 104 104 in
16904 16266 184 99 the
17178 16285 335 90 states
17546 16285 109 94 to
17707 16280 260 104 such
18024 16294 279 94 exten

15680 16422 236 99 that
16011 16417 184 113 the
16290 16431 609 109 conviction
16946 16446 463 128 prevails
17504 16450 99 99 in
17669 16450 633 137 Washingtoi

15676 16587 246 104 that
15969 16587 132 104 he
16148 16597 90 99 is
16318 16606 194 94 not
16554 16597 491 137 disposed
17102 16620 109 94 to
17310 16620 548 109 conciliate
17910 16630 184 99 the
18146 16658 156 76 rac

15676 16757 109 104 in
15822 16795 213 94 any
16087 16795 269 99 way.
16502 16772 633 113 Smothered
17183 16786 666 132 indignation
17939 16748 364 151 reacl

15690 16956 123 66 us
15865 16928 279 104 from
16228 16965 321 99 many
16625 16951 520 123 quarters,
17202 16951 317 104 while
17613 16899 690 213 perplexitfl

15680 17098 113 99 to
15841 17098 180 104 the
16120 17107 359 104 future
16531 17112 90 104 is
16658 17117 184 104 the
16890 17135 279 85 most
17220 17154 482 76 common
17802 17074 501 208 sentinel

15680 17263 250 99 with
15987 17272 345 99 which
16375 17310 156 66 we
16620 17310 293 76 came
17008 17291 227 99 into
17329 17306 463 99 contact.
17943 17306 170 104 No
18165 17244 137 165 II

15694 17443 406 104 seemed
16157 17466 113 80 to
16318 17443 241 109 look
16620 17457 255 99 with
16928 17466 614 109 confidence
17589 17504 142 66 on
17783 17476 184 104 the
18014 17438 288 184 fu|

15680 17608 350 128 policy
16077 17617 113 90 of
16261 17617 184 94 the
16531 17631 345 118 party.
17031 17627 213 104 But
17291 17631 52 99 I
17428 17641 317 99 could
17792 17674 175 71 see
18019 17561 283 184 afl

15680 17811 302 94 ance,
16063 17816 132 71 an
16290 17787 822 142 independence,
17211 17811 113 99 in
17395 17820 397 94 certain
17910 17773 392 189 quar|

15680 17948 345 94 which
16077 17953 203 99 will
16332 17957 345 128 injure
16724 17962 184 99 the
16965 17981 312 118 party
17324 17976 364 104 unless
17783 17981 80 104 it
17915 17981 90 104 is
18057 17920 246 203 ctfl

15680 18118 506 109 teracted.
18113 18080 189 146 il

15817 18420 548 118 Governor
16408 18430 647 123 Cleveland
17093 18454 85 99 is
17230 18487 66 76 a
17343 18454 411 113 modest
17792 18477 392 113 executj

15680 18614 189 85 not
15912 18609 317 118 given
16280 18624 104 85 to
16431 18609 718 132 long-winded
17192 18638 992 113 recommendations

15680 18765 184 109 the
15902 18765 605 142 legislature
16554 18784 260 109 with
16866 18789 345 109 which
17263 18794 137 113 he
17447 18803 85 104 is
17584 18813 184 99 not
17854 18813 331 109 intina

15690 18945 104 128 ly
15846 18954 685 118 acquainted,
16602 18959 213 94 and
16899 18964 132 99 he
17126 18969 255 104 does
17424 18987 189 85 not
17665 19011 397 99 appear
18099 19006 85 80 ■

15680 19110 605 142 intimately
16337 19129 643 132 acquainted
17031 19134 255 109 with
17334 19176 213 109 any
17594 19153 118 109 of
17787 19153 189 113 the

15680 19285 118 99 of
15836 19285 180 99 the
16058 19299 312 118 state,
16431 19299 288 99 since
16767 19304 132 99 he
16970 19309 364 109 makes
17367 19346 142 71 no
17589 19356 595 85 recommen

15680 19450 222 109 tion
15987 19455 416 137 worthy
16498 19469 123 104 of
16706 19488 572 109 comment.
17424 19488 345 118 There
17858 19540 184 80 are
18123 19540 61 80 v

15680 19630 203 99 few
15935 19635 435 128 lawyers
16398 19644 109 94 in
16531 19644 184 99 the
16757 19663 274 90 state
17060 19663 236 94 who
17343 19696 180 66 are
17570 19677 614 132 notthorouj

15680 19791 109 137 ly
15831 19800 647 132 acquainted
16512 19809 255 109 with
16814 19814 132 104 its
16998 19833 425 123 present
17476 19838 354 137 needs,
17877 19847 213 109 and
18137 19885 47 76 v

15680 19970 312 104 could
16039 19989 227 113 not,
16318 20017 118 66 as
16526 20022 562 94 governor,
17145 20022 435 109 suggest
17683 20050 501 76 measures

15676 20131 600 137 legislation
16309 20145 213 104 and
16564 20150 312 109 make
16909 20173 1025 113 recommendations
17967 20187 217 113 sucl

15680 20310 345 99 would
16068 20320 553 109 commend
16668 20329 638 113 themselves
17357 20353 109 94 to
17556 20353 184 99 the
17792 20367 373 128 people

15680 20476 180 99 the
15902 20490 312 94 state.
16356 20490 496 142 Modesty
16904 20532 246 104 may
17202 20509 128 99 be
17409 20546 61 71 a
17565 20551 222 57 corn
17811 20528 302 85 mend
18128 20485 57 128 J

15676 20641 383 137 virtue,
16115 20650 198 109 but
16356 20655 85 109 it
16488 20698 198 76 can
16739 20665 132 109 be
16918 20679 402 109 carried
17362 20688 113 99 to
17513 20721 66 71 a
17631 20698 302 123 point
18033 20726 151 71 vn

15680 20820 798 128 unpardonable
16573 20839 562 128 ignorance
17235 20849 85 104 is
17414 20854 586 132 displayed.
18109 20882 57 94 1

15685 20981 595 118 democrats
16337 21000 265 109 have
16677 21043 113 66 so
16843 21009 255 132 long
17140 21019 317 99 dwelt
17509 21024 104 99 in
17665 21028 180 94 the
17891 20986 293 161 boq*J

15680 21151 506 118 blunders
16280 21175 213 104 and
16592 21175 354 113 defeat
17031 21184 231 99 that
17348 21184 255 128 they
17646 21217 175 71 are
17887 21217 213 80 act.
18180 21151 5 161 I

15680 21326 340 104 afraid
16058 21340 118 94 to
16224 21340 288 104 show
16550 21345 241 104 that
16838 21345 595 137 they.fcnow
17466 21345 520 128 anything
18028 21378 156 66 am

15690 21496 364 123 public
16143 21506 397 104 affairs.
16687 21510 227 109 The
17003 21529 529 132 republic®
17532 21529 71 66 11
18076 21543 109 94 W

15680 21661 317 99 much
16054 21666 109 99 of
16233 21676 137 99 its
16413 21704 430 80 success
16876 21699 113 90 to
17017 21694 269 109 dash
17343 21685 246 123 ai)d’
17603 21685 109 66 m
17712 21685 76 99 P
17792 21661 241 94 udel
18033 21628 151 180 fl

15680 21822 515 146 handling
16238 21850 581 118 questions.
16961 21855 231 118 The
17235 21879 373 128 public

15680 22020 113 80 so
15846 21997 416 113 dazzled
16313 22011 137 137 by
16502 22020 265 109 such
16814 22058 373 85 course
17235 22077 118 76 as
17400 22063 113 94 to
17565 22087 416 123 respect

15680 22176 113 118 ty
15836 22176 345 99 which
16228 22181 90 99 is
16346 22186 643 146 thoroughly
17046 22224 397 99 master
17461 22228 118 104 of
17613 22233 293 113 itself
17939 22280 43 71 a

15680 22337 557 118 situation.
16328 22351 227 109 The
16587 22356 643 123 democratic
17287 22413 307 118 party
17650 22408 189 104 has
17882 22365 99 151 nJ

15680 22507 288 104 learn
16058 22521 213 99 and
16361 22531 676 113 unlearn—it
17102 22550 198 109 has
17372 22592 142 80 no
17584 22479 397 208 honor!

15676 22682 283 128 cord,
16011 22691 217 104 and
16271 22696 90 99 it
16398 22696 189 104 has
16639 22715 175 118 yet
16861 22720 118 94 to
17027 22748 444 104 espouse
17504 22772 66 71 a
17617 22757 161 104 set
17825 22786 61 66 o
17887 22654 94 236 J

15680 22847 255 132 pies.
16058 22857 231 109 The
16332 22899 217 76 war
16602 22871 326 118 killed
16975 22885 184 109 the
17211 22894 359 118 democ
17745 22937 66 118 f*
17816 22909 38 66 1
17939 22970 43 90 j

15680 23017 180 104 the
15907 23046 236 94 past
16186 23036 213 99 and
16446 23041 85 99 it
16573 23046 94 99 is
16715 23055 732 113 rudderless'-'
17580 23055 402 156 *aagerisj

15680 23202 463 109 present.
16224 23202 213 104 Yet
16483 23239 161 71 we
16682 23249 180 71 are
16909 23220 491 142 disposed
17452 23244 109 99 to
17613 23244 132 109 be
17811 23150 170 241 ^3

15676 23367 113 99 to
15836 23362 85 104 it
15964 23367 109 104 in
16120 23367 142 109 its
16351 23376 477 142 infancy.
17754 23391 227 128 kaj
