18855 24963
2622 959 28 142 [
2679 969 444 109 written
3175 969 170 109 fcr
3392 969 241 109 The
3680 969 369 104 Globe
4082 1044 28 28 .

1517 1124 600 132 JACGb
2277 1134 950 156 LATTIMER,
3392 1139 354 123 THE
3879 1139 269 123 MIL-

2457 1337 926 151 LIONAIRE;

1772 1625 241 85 the
2055 1625 822 109 Acquisition
2934 1644 123 71 of
3128 1625 439 90 Weath
3628 1625 307 90 does
4039 1635 222 85 not

1748 1767 529 99 Always
2372 1767 402 99 Bring
2868 1772 189 80 F/
3090 1772 1091 94 ppiness.—Fom'i-

1762 1899 170 80 ed
1994 1923 165 57 on
2220 1904 406 76 Facts.

2334 2154 321 66 BYK.
2712 2154 123 66 H.
2891 2154 241 66 VAN
3194 2154 326 71 DYNe.

2636 2414 317 85 Part
3024 2414 208 85 IX.

1706 2693 231 109 She
1984 2693 302 104 knew
2329 2693 241 109 that
2627 2726 61 71 a
2735 2693 274 109 false
3085 2698 803 128 interpretation
3940 2693 340 104 would

1550 2835 161 99 be
1800 2835 387 128 placed
2235 2858 293 94 upon
2622 2825 189 99 her
2896 2830 501 118 conduct,
3491 2830 482 94 believed
4049 2835 241 94 that

1559 2967 387 109 others
2027 2962 354 109 would
2428 2962 449 142 secretly
2924 2962 524 113 endeavor
3524 2976 109 94 to
3680 2967 369 132 poison
4124 2962 165 113 his

1569 3113 354 123 mind,
2017 3109 402 128 “but,”
2509 3109 227 104 said
2820 3113 222 118 she,
3099 3113 165 99 “it
3335 3113 90 99 is
3477 3104 449 132 nothing
4006 3142 283 71 more

1569 3250 288 99 than
1937 3279 175 99 my
2164 3255 482 94 contract
2717 3246 359 99 before
3156 3246 567 128 marriage;
3784 3274 175 94 my
4044 3246 184 94 hus-

1578 3383 307 109 band
1961 3378 260 109 does
2291 3392 194 94 not
2528 3411 231 76 care
2844 3383 170 99 for
3080 3411 411 104 operas,
3548 3378 496 128 theatres,
4134 3387 156 94 art

1578 3520 548 137 galleries,
2225 3534 496 109 lectures,
2816 3553 194 66 nor
3104 3529 709 90 amusements
3893 3520 118 94 of
4082 3548 213 94 any

1587 3657 317 99 kind.
2055 3657 161 99 He
2268 3690 317 66 never
2627 3680 293 76 cares
2972 3666 109 85 to
3128 3652 222 99 ride
3397 3657 104 94 in
3543 3680 194 66 our
3784 3647 506 128 carriage,

1592 3794 222 99 and
1894 3789 288 104 what
2263 3798 472 123 pleasure
2816 3822 198 71 can
3071 3789 43 99 I
3165 3784 227 104 find
3435 3789 104 99 in
3605 3789 170 99 his
3846 3784 454 128 society?

1592 3931 369 123 None,
2046 3926 548 132 positively
2641 3931 307 94 none!
3009 3926 213 99 and
3293 3926 321 123 what,
3671 3921 265 104 have
3969 3921 52 99 I
4068 3921 231 99 sold

1597 4101 194 104 my
1838 4068 435 132 liberty,
2329 4101 175 99 my
2551 4068 227 123 life,
2830 4096 175 99 my
3047 4063 567 132 happiness
3666 4091 283 99 upon
4002 4054 298 104 eafth

1597 4209 581 128 destroyed
2291 4209 213 94 and
2589 4200 671 132 jeopordized
3350 4200 161 99 for
3619 4195 482 113 eternity!
4247 4191 47 99 I

1602 4337 487 128 thought
2169 4370 255 66 once
2509 4332 236 99 that
2825 4342 113 90 to
3005 4361 354 71 secure
3444 4323 378 104 wealth
3893 4323 47 99 I
3992 4323 307 99 could

1602 4469 236 109 risk
1880 4502 321 99 every
2254 4469 340 128 thing,
2650 4469 194 99 but
2896 4465 265 104 have
3203 4493 231 71 now
3510 4455 416 104 learned
3978 4465 109 90 to
4129 4488 170 99 my

1611 4644 402 71 sorrow
2069 4611 231 99 that
2353 4606 47 99 I
2461 4611 260 99 have
2773 4602 298 104 made
3123 4602 180 99 the
3350 4606 454 118 greatest
3855 4592 449 99 mistake

1611 4748 132 99 of
1824 4776 184 99 my
2060 4743 217 123 life,
2367 4743 180 99 the
2594 4734 652 137 prospective
3326 4734 562 123 happiness
3935 4729 113 99 of
4129 4757 175 99 my

1620 4913 373 104 young
2036 4880 189 99 life
2272 4880 85 99 is
2405 4876 553 128 destroyed
3033 4876 128 128 by
3208 4866 217 104 this
3468 4866 260 104 false
3780 4866 213 99 and
4035 4861 269 104 fatal

1616 5031 227 123 step
1866 5074 137 19 —
2036 5055 43 66 1
2102 5017 321 99 union
2466 5017 109 94 of
2627 5008 373 123 hands,
3028 5008 198 104 but
3255 5013 180 90 not
3477 5003 113 99 of
3638 5003 383 99 hearts.
4143 4998 165 99 He

1625 5154 468 99 married
2169 5183 165 94 my
2391 5117 609 151 beauty,—l
3104 5140 444 99 married
3643 5140 161 94 his
3893 5164 411 94 money.

1625 5282 364 104 When
2069 5282 151 94 his
2277 5310 369 99 money
2726 5277 85 94 is
2858 5301 302 99 gone,
3222 5268 128 99 he
3402 5268 80 99 is
3529 5268 104 99 in
3723 5268 425 123 feelings
4205 5282 104 80 to

1625 5447 180 76 me
1857 5447 137 71 no
2036 5414 364 132 longer
2447 5447 175 99 my
2665 5400 515 113 husband.
3321 5400 335 104 When
3713 5433 175 99 my
3921 5400 387 128 beauty

1630 5556 293 118 fails,
1984 5556 128 99 he
2183 5556 194 99 has
2433 5546 439 128 nothing
2953 5565 104 80 to
3104 5546 430 118 admire,
3586 5542 449 128 nothing
4082 5570 170 99 par-

1625 5688 406 104 ticular
2112 5693 109 94 to
2268 5688 132 99 be
2447 5679 335 137 proud
2835 5683 146 118 of,
3066 5679 208 104 and
3326 5679 123 99 he
3520 5679 208 99 will
3780 5693 184 80 not
4044 5674 217 99 hesi-

1639 5835 231 94 tate
1961 5844 109 80 to
2117 5825 392 99 dictate
2556 5830 109 90 to
2717 5854 161 61 me
2915 5849 113 66 as
3080 5849 194 66 one
3321 5811 113 99 of
3482 5811 161 99 his
3737 5811 567 128 employes,

1644 5962 217 99 will
1937 5957 411 132 compel
2433 5986 161 66 me
2641 5967 109 80 to
2802 5962 227 113 step
3104 5948 307 99 down
3458 5948 269 94 from
3780 5976 175 80 my
4058 5943 255 128 high

1644 6094 491 132 pedestal
2225 6090 213 104 and
2485 6094 194 94 live
2759 6113 109 76 as
2920 6080 128 104 he
3099 6085 265 99 from
3449 6076 487 132 boyhood
3987 6104 142 99 up
4214 6090 99 85 to

1654 6227 581 123 manhood,
2244 6265 194 61 —a
2480 6222 274 99 trifle
2811 6222 331 99 better
3189 6217 255 104 than
3496 6246 61 71 a
3605 6217 420 123 beggar.
4167 6213 146 99 To

1644 6364 312 104 leave
2008 6364 217 94 him
2263 6359 203 99 will
2518 6387 265 99 open
2820 6359 180 94 the
3047 6359 250 94 door
3345 6359 113 94 to
3506 6350 458 99 scandal.
4110 6345 203 113 No,

1649 6501 57 99 I
1757 6515 302 85 must
2102 6496 487 99 continue
2636 6524 132 66 on
2820 6491 104 99 in
2981 6520 170 94 my
3189 6491 416 123 misery;
3666 6491 279 90 must
3997 6482 326 99 suffer

1654 6633 180 104 for
1923 6633 416 118 vanity,
2395 6628 435 132 praying
2924 6624 175 99 the
3156 6619 543 128 Almighty
3789 6628 113 90 to
3950 6619 373 104 hasten

1654 6798 184 94 my
1885 6765 298 104 rdief
2225 6765 283 104 from
2551 6765 208 99 this
2825 6756 638 109 thraldom.”

1800 6902 194 104 We
2046 6902 208 104 will
2306 6935 227 66 now
2589 6898 236 104 look
2906 6898 217 104 into
3170 6898 180 99 the
3402 6893 397 132 private
3869 6926 293 66 room
4209 6893 113 99 of

1658 7044 354 99 Jacob
2112 7039 543 99 Lattimer.
2802 7035 184 99 We
3080 7030 222 99 find
3392 7030 222 99 him
3704 7030 383 128 pacing
4176 7058 146 99 up

1658 7176 231 99 and
2008 7176 307 99 down
2428 7172 175 99 the
2698 7200 326 90 room,
3146 7167 454 123 running
3680 7167 156 94 his
3950 7167 378 123 fingers

1663 7309 482 128 through
2197 7309 156 94 his
2452 7304 260 118 hair,
2811 7299 756 132 soliloquising.
3713 7299 99 99 Is
3888 7299 213 99 this
4148 7299 180 99 the

1668 7446 581 132 happiness
2287 7436 780 104 recommended
3109 7436 137 132 by
3279 7431 425 104 Colonel
3737 7431 591 99 Hamilton?

1668 7583 113 104 Is
1833 7583 222 99 this
2126 7578 288 104 what
2466 7578 43 99 I
2561 7578 265 104 have
2901 7606 241 71 save
3180 7578 33 99 !
3293 7602 146 94 up
3534 7569 213 109 for?
3888 7569 184 104 “Is
4124 7569 203 104 this

1672 7715 298 99 what
2022 7715 52 94 I
2131 7720 265 94 have
2490 7710 430 99 labored
3005 7710 208 123 day
3255 7706 213 104 and
3557 7706 345 118 night,
3954 7710 104 90 in
4115 7734 165 66 sea-

1658 7876 208 71 son
1913 7847 213 99 and
2178 7852 184 94 out
2405 7847 203 99 for?
2745 7843 605 104 Foresworn
3454 7838 387 123 father,
3879 7838 449 123 mother,

1668 7989 359 118 sister,
2088 7984 515 123 brothers;
2665 7980 491 99 forsaken
3203 7980 180 99 the
3416 7975 524 99 Christian
3978 7975 293 99 teach-

1677 8121 246 123 ings
1980 8121 118 94 of
2135 8150 175 94 my
2357 8112 567 99 childhood
2967 8112 255 128 days
3274 8121 109 85 to
3435 8135 241 71 save
3723 8107 165 94 for
3959 8107 255 94 such
4271 8140 57 61 a

1677 8282 208 76 one
1928 8258 118 99 to
2140 8244 581 146 prodigally
2778 8254 312 99 waste
3194 8277 123 76 on
3416 8244 298 104 those
3798 8235 227 113 that
4096 8272 236 76 care

1691 8395 231 99 still
1970 8400 208 90 less
2225 8395 194 113 for,
2476 8424 161 66 me
2688 8391 250 94 than
3009 8391 184 90 she
3269 8386 246 94 does
3562 8381 463 99 herself?
4157 8381 175 99 All

1677 8528 128 94 of
1847 8537 496 80 ventures
2391 8513 600 132 nowaday’s
3038 8513 194 99 fail
3279 8537 208 104 me;
3567 8509 619 132 everything
4247 8523 85 85 is

1682 8660 430 128 against
2159 8688 213 99 me;
2466 8655 90 104 if
2646 8646 288 109 there
2981 8650 85 104 is
3118 8650 165 104 for
3326 8683 61 66 a
3435 8646 510 132 eertainty
3992 8679 132 71 an
4191 8646 94 109 al-

1691 8792 420 123 mighty
2150 8792 430 94 Creator
2622 8792 236 90 that
2948 8787 298 94 holds
3326 8783 633 94 individuals
4044 8792 104 85 to
4200 8816 123 61 an

1682 8920 874 128 accountability,
2613 8915 80 99 is
2783 8915 128 99 he
3000 8910 567 137 punishing
3657 8943 165 71 me
3869 8915 170 99 for
4106 8910 227 104 fail-

1691 9061 189 123 ing
1937 9076 104 85 to
2088 9057 137 99 do
2272 9057 231 99 that
2546 9052 331 104 which
2934 9090 170 90 my
3156 9047 425 104 humble
3647 9047 397 109 talents
4134 9047 203 104 and

1687 9189 746 137 meansjwould
2485 9198 260 94 have
2787 9189 506 104 admitted
3345 9184 203 104 had
3600 9184 43 99 I
3680 9189 265 99 bean
3978 9213 113 76 so
4134 9184 156 104 dis-

1687 9335 373 123 posed.
2202 9335 99 99 If
2348 9364 118 71 so
2504 9331 283 104 what
2835 9326 203 104 will
3090 9326 123 104 be
3260 9359 175 99 my
3482 9326 260 104 end?
3879 9326 175 104 All
4101 9326 236 104 that

1691 9468 57 99 I
1800 9468 458 123 thought
2301 9496 213 71 was
2561 9468 307 113 mine,
2924 9458 208 99 and
3203 9463 283 94 what
3576 9463 47 94 I
3713 9463 524 128 supposed
4290 9463 47 94 I

1691 9600 387 104 should
2126 9633 312 71 never
2485 9600 123 99 be
2660 9595 231 104 able
2934 9609 104 90 to
3090 9595 331 128 spend
3472 9591 175 104 the
3723 9591 425 109 interest
4200 9628 132 71 on

1691 9737 99 94 is
1838 9742 222 94 fast
2112 9737 435 118 melting
2622 9765 331 90 away.
3094 9732 109 94 If
3293 9765 109 61 so
3496 9732 482 123 disposed
4030 9746 104 85 to
4181 9765 104 66 re-

1668 9869 302 99 trace
2017 9898 175 104 my
2244 9865 548 104 omissions
2839 9865 80 94 it
2972 9865 85 99 is
3104 9888 231 71 now
3383 9869 180 90 too
3614 9865 255 128 late;
3964 9865 47 94 I
4068 9865 269 104 have

1682 10002 458 142 qpthiug
2187 10025 109 85 to
2339 10006 236 128 give
2627 10035 326 99 away.
3099 9997 250 109 Last
3449 10035 246 99 year
3780 10035 180 99 my
4011 10006 321 104 losses

1682 10143 369 94 footed
2102 10176 142 90 up
2291 10143 269 113 fully
2613 10167 189 66 one
2901 10139 392 94 million
3387 10139 425 118 dollars,
3869 10143 208 90 and
4129 10139 208 99 this

1691 10304 250 94 year
1989 10271 350 128 nearly
2391 10299 113 76 as
2556 10266 350 104 much.
3052 10266 255 104 This
3354 10299 406 71 womon
3860 10271 109 99 of
4058 10271 279 109 mine

1682 10413 198 99 has
1928 10446 194 66 run
2154 10446 142 99 up
2324 10441 553 71 enormous
2915 10408 231 104 bills
3180 10422 109 85 at
3326 10408 189 128 dry
3553 10413 326 123 goods
3917 10413 411 123 houses,

1677 10554 123 90 at
1847 10545 250 99 shoe
2145 10559 364 104 stores,
2565 10554 113 90 at
2769 10540 302 99 tailor
3161 10540 354 128 shops,
3567 10545 165 94 for
3822 10573 222 71 new
4139 10545 146 99 liv-

1668 10677 279 104 eries
2093 10682 175 99 for
2381 10677 609 123 coachman,
3066 10677 477 99 footman
3638 10677 217 104 and
3935 10677 340 109 waiter-

1672 10847 293 90 men,
2060 10847 222 66 new
2400 10814 203 99 and
2693 10814 553 123 expensive
3317 10814 354 99 horses
3765 10814 265 99 have
4101 10847 227 66 now

1677 10946 269 99 been
2003 10946 572 132 purchased
2631 10942 180 104 the
2858 10937 279 109 third
3184 10946 250 99 time
3515 10946 283 99 since
3869 10980 71 66 w
3945 10937 14 142 r
3969 10980 52 71 e
4068 10980 260 76 were

1682 11088 496 123 married,
2220 11088 180 99 the
2447 11083 241 104 bills
2750 11088 113 99 at
2957 11079 180 104 the
3227 11117 463 71 summer
3732 11107 383 80 resorts
4167 11093 165 104 for

1668 11220 435 118 herself,
2159 11254 198 66 ven
2414 11249 345 85 nurse,
2806 11220 317 113 maid,
3161 11220 614 118 coachman,
3813 11220 510 94 footmen’

1668 11381 132 71 <o
1843 11348 161 104 ich
2060 11353 387 123 horses,
2490 11348 340 132 riding
2877 11343 335 128 horse,
3269 11348 387 128 sisters,
3704 11348 619 132 brother-in,

1672 11485 250 123 law,
1970 11490 146 104 all
2164 11523 170 71 are
2376 11494 217 99 fast
2641 11490 732 128 undermining
3425 11490 180 104 the
3657 11494 383 104 wealth
4082 11494 241 104 that

1672 11622 61 99 I
1781 11603 477 123 believed
2306 11627 312 99 could
2660 11655 317 66 never
3033 11622 128 99 be
3213 11622 576 123 disturbed,
3846 11627 208 99 and
4091 11631 231 94 who

1677 11759 94 99 is
1819 11759 293 99 there
2159 11759 99 99 in
2310 11759 213 99 this
2565 11754 321 104 world
2981 11754 255 99 feels
3326 11754 236 104 that
3643 11759 458 132 through
4148 11792 175 104 my

1677 11891 378 109 efforts
2102 11891 241 142 they
2400 11896 260 104 have
2712 11891 255 104 been
3014 11891 600 109 benefitted.
3798 11896 222 109 The
4068 11929 260 104 poor

1677 12028 283 109 have
1994 12038 283 99 cried
2324 12047 255 90 unto
2617 12066 165 71 me
2830 12033 321 132 daily,
3203 12033 208 104 and
3491 12038 47 99 I
3614 12033 265 104 have
3969 12043 354 104 closed

1682 12198 189 94 my
1913 12203 241 94 eyes
2202 12175 208 94 and
2499 12198 222 71 ears
2816 12180 104 85 to
3014 12170 265 94 their
3364 12170 269 99 wail.
3780 12175 184 123 My
4016 12175 298 99 heart

1696 12326 326 71 never
2069 12298 298 104 knew
2419 12298 279 104 what
2773 12302 217 123 pity
3038 12302 387 99 meant.
3539 12298 312 109 What
3883 12302 439 104 benevo-

1696 12430 227 109 lent
1965 12468 123 66 or
2131 12435 524 109 Christian
2712 12435 600 104 institution
3369 12444 180 99 has
3633 12472 236 71 ever
3912 12444 416 104 derived

1682 12605 76 61 a
1800 12572 435 104 dollar’s
2272 12576 562 99 assistance
2877 12605 118 61 or
3043 12576 373 99 benefit
3468 12581 269 94 from
3789 12581 180 94 the
4035 12600 298 104 great

1677 12704 397 104 wealth
2169 12704 43 104 I
2306 12737 255 76 once
2655 12737 241 104 poss
2957 12709 288 99 ssed?
3383 12709 99 99 It
3567 12713 85 99 is
3704 12732 227 85 true
3978 12713 47 99 I
4082 12718 246 128 paid

1682 12869 189 104 my
1909 12860 472 90 servants
2457 12846 260 104 their
2764 12846 520 132 earnings,
3326 12850 194 99 but
3567 12865 184 90 not
3846 12888 61 66 a
3997 12855 331 104 dollar

1677 13011 312 90 over;
2069 12983 250 128 they
2367 13016 213 61 owe
2627 13011 161 66 me
2858 13011 137 66 no
3076 12983 269 118 love,
3402 13016 132 61 no
3576 12987 567 123 gratitude,
4195 13020 132 66 no

1687 13110 293 132 good
2027 13110 402 132 wishes,
2480 13143 132 66 no
2660 13143 373 71 sorrow
3090 13143 113 71 or
3250 13143 255 71 even
3553 13129 340 118 regret
3940 13124 170 99 for
4157 13157 170 99 my

1696 13247 718 109 misfortunes.
2494 13247 43 109 I
2594 13252 241 104 dare
2882 13257 184 99 not
3113 13285 265 104 open
3416 13290 175 99 my
3647 13257 326 128 heart,
4025 13266 307 104 make

1668 13384 402 104 known
2121 13422 170 99 ray
2339 13389 321 104 losses
2759 13398 109 90 to
2962 13422 175 99 my
3236 13370 496 128 heartless
3817 13403 274 123 wife,
4153 13403 180 99 she

1696 13526 359 99 would
2102 13526 378 128 dispise
2528 13559 161 66 me
2745 13559 279 66 more
3071 13526 260 104 than
3383 13559 241 71 ever
3713 13564 269 71 now.
4124 13535 203 104 Oh!

1696 13654 439 137 Misery;
2216 13668 420 123 misery!
2731 13668 113 94 to
2929 13658 340 104 whom
3359 13663 274 104 shall
3723 13668 47 99 I
3841 13668 236 109 look
4172 13677 165 99 for

1691 13800 709 128 consolation;
2461 13833 170 94 ray
2688 13800 416 99 fortune
3170 13800 90 99 is
3345 13805 283 123 quite
3704 13805 624 137 exhausted;

1691 13923 57 104 I
1800 13932 255 99 dare
2102 13946 180 85 not
2334 13932 142 99 let
2523 13937 80 94 it
2655 13932 123 99 be
2858 13932 383 99 known
3288 13965 137 66 on
3515 13937 175 99 the
3784 13956 354 113 street,
4195 13980 132 66 on

1687 14065 458 128 change,
2197 14079 109 90 at
2357 14069 175 99 the
2589 14069 378 118 banks;
3024 14069 90 99 if
3161 14069 47 99 I
3260 14069 170 123 do,
3482 14074 591 109 immediate
4106 14088 222 94 ruin

1701 14202 217 99 will
1965 14206 128 99 be
2145 14206 170 99 the
2367 14206 354 99 result.
2863 14206 180 128 My
3132 14206 227 99 God
3406 14202 19 146 !
3515 14244 175 99 my
3742 14216 231 99 God
4025 14202 19 146 !
4101 14220 236 128 why

1691 14367 184 71 am
1970 14339 52 99 I
2121 14348 241 90 thus
2457 14343 680 128 persecuted?
3269 14343 321 104 What
3661 14353 260 99 have
3973 14353 47 99 I
4072 14357 265 99 done

1691 14471 250 104 that
1989 14480 671 123 punishment
2702 14480 90 94 is
2877 14480 246 99 thus
3198 14480 345 99 meted
3633 14494 189 90 out
3893 14494 109 90 to
4096 14523 161 71 me
4299 14494 43 99 ?

1691 14603 231 99 Can
1970 14617 90 90 it
2112 14617 118 90 be
2282 14617 170 90 the
2532 14613 312 94 blood
2934 14646 373 94 money
3392 14613 321 104 taken
3803 14617 269 104 from
4167 14627 180 99 the

1691 14745 614 128 murdering
2348 14745 118 104 of
2509 14745 293 99 those
2854 14778 241 94 poor
3137 14745 454 128 Negroes
3624 14750 458 137 brought
4110 14792 241 71 over

1691 14872 151 132 by
1894 14877 600 104 Fernandez
2532 14877 43 104 ?
2622 14882 66 47 ”
2863 14882 146 99 To
3090 14882 345 104 whom
3515 14915 194 76 can
3803 14891 47 99 1
3898 14901 449 128 appeal?

1691 15009 307 104 Thus
2050 15014 203 104 and
2306 15047 274 71 more
2669 15047 208 71 was
2962 15019 170 99 the
3227 15024 250 123 long
3567 15024 208 99 and
3869 15028 312 104 silent
4238 15066 113 71 or

1696 15161 359 85 secret
2102 15151 567 128 soliloqury
2721 15151 113 99 of
2877 15151 331 99 Jacob
3260 15151 543 109 Lattimer.

1833 15283 156 99 At
2036 15283 194 109 last
2287 15283 128 99 he
2457 15283 430 99 decided
2934 15293 109 94 to
3090 15293 222 99 cast
3359 15288 420 104 himself
3841 15326 288 104 upon
4172 15302 184 104 the

1696 15416 425 132 charity
2178 15425 109 99 of
2334 15425 161 99 his
2523 15425 265 118 wife,
2844 15425 175 94 she
3076 15439 279 90 must
3397 15425 128 99 be
3576 15430 425 104 human.
4148 15439 208 99 She

1691 15586 231 71 was
1975 15557 180 99 the
2202 15557 406 99 mother
2655 15557 109 99 of
2863 15557 156 99 his
3066 15557 241 128 only
3359 15591 222 71 son.
3728 15562 99 99 If
3902 15567 180 104 she
4129 15572 213 104 had

1691 15718 151 76 no
1923 15690 609 137 sympathy,
2584 15728 137 71 no
2769 15728 387 99 mercy,
3231 15694 128 109 he
3439 15728 203 76 was
3690 15704 265 109 done
4020 15718 283 128 strug-

1701 15831 307 128 gling
2055 15836 411 118 against
2513 15836 255 94 fate.
2910 15836 222 90 The
3198 15846 250 85 next
3501 15836 208 128 day
3751 15846 411 94 instead
4243 15850 113 90 of

1687 15964 350 123 going
2083 15969 298 90 down
2466 15973 104 85 to
2622 15959 274 99 Wall
2934 15969 312 94 street
3298 15992 113 71 as
3458 15997 213 66 was
3718 16002 472 71 common
4247 16006 113 71 or

1701 16096 354 128 usual,
2112 16096 132 99 he
2324 16096 520 104 remained
2929 16106 109 94 at
3118 16096 340 109 home.
3609 16106 335 104 When
4030 16115 331 99 called

1691 16228 321 99 down
2069 16247 109 80 to
2220 16233 539 94 breakfast
2816 16233 128 94 he
2986 16238 487 94 returned
3510 16271 402 66 answer
3954 16247 236 94 that
4224 16247 132 99 he

1696 16361 369 109 ■would
2154 16380 189 90 not
2433 16365 123 104 be
2636 16365 345 109 down.
3170 16365 217 109 Mrs
3477 16365 510 118 Lattimer
4077 16413 288 80 came

1701 16502 321 104 down
2069 16512 109 94 to
2230 16502 685 132 breakfastjas
2957 16507 345 123 usual,
3359 16507 420 132 looking
3855 16517 255 99 finer
4157 16526 208 94 and

1701 16639 643 132 apparently
2391 16668 279 71 more
2721 16639 510 104 beautiful
3279 16654 260 90 than
3591 16672 274 99 ever,
3921 16649 203 109 and
4200 16658 109 99 af-

1691 16781 175 99 ter
1937 16776 567 132 partaking
2589 16814 250 99 very
2891 16781 477 128 heartily,
3444 16791 491 99 returned
3983 16800 109 90 to
4181 16795 184 99 her

1696 16942 350 71 room.
2187 16913 165 94 Mr
2424 16913 510 94 Lattimer
3009 16918 524 94 remained
3581 16918 109 94 in
3784 16918 161 94 his
4030 16951 326 94 room,

1701 17036 227 132 (for
1975 17041 180 109 the
2202 17050 208 94 two
2457 17046 420 132 always,
2943 17046 260 104 from
3255 17046 175 104 the
3477 17050 383 104 second
3912 17088 241 99 year
4200 17060 104 109 af-

1701 17187 175 94 ter
1956 17183 524 128 married).
2622 17187 142 94 At
2849 17183 317 99 lunch
3217 17183 246 99 time
3548 17187 217 94 Mrs
3850 17192 506 104 Lattimer

1691 17324 250 90 sent
2031 17315 184 99 the
2306 17329 420 90 servant
2816 17324 109 90 to
2972 17315 161 99 his
3222 17343 288 71 room
3633 17324 109 94 to
3822 17353 543 76 announce

1701 17447 378 128 lunch,
2164 17452 198 99 but
2447 17447 156 104 his
2688 17447 293 137 reply
3057 17480 213 76 was
3335 17452 236 104 that
3652 17457 132 104 “I
3836 17457 265 109 shall
4181 17480 180 90 not

1710 17589 279 94 need
2041 17584 444 104 lunch.”
2631 17594 312 94 After
2991 17584 175 99 the
3213 17594 369 128 family
3633 17594 203 99 had
3912 17598 449 109 lunched

1691 17717 184 109 Mr
1923 17721 515 104 Lattimer
2466 17754 260 90 rang
2759 17721 156 104 his
2948 17717 213 109 bell
3203 17726 165 99 for
3402 17726 175 99 the
3624 17740 463 118 servant,
4124 17735 227 104 who

1701 17887 265 71 soon
2022 17858 302 99 made
2405 17863 184 94 her
2631 17887 685 104 appearance.
3458 17858 165 99 He
3671 17863 227 99 said
3945 17872 109 94 to
4143 17872 213 123 her,

1701 17991 548 128 “Elleaze,
2301 18024 180 99 say
2532 18005 113 90 to
2698 17991 213 104 Mrs
2957 17991 501 104 Lattimer
3506 17995 231 104 that
3784 17995 47 109 I
3883 18000 331 109 desire
4257 18024 104 90 to

1701 18156 180 76 see
1937 18132 180 99 her
2164 18132 104 99 in
2348 18165 175 99 my
2570 18165 326 76 room,
2953 18137 80 94 if
3118 18132 184 99 she
3350 18132 213 104 will
3605 18132 340 128 oblige
3997 18175 198 94 me,
4252 18184 109 66 as

1696 18293 269 66 soon
2017 18293 118 71 as
2178 18274 85 90 it
2310 18265 85 94 is
2443 18265 732 99 convenient.”
3321 18265 123 99 In
3487 18269 326 99 about
3846 18274 203 99 five
4096 18283 198 94 min-

1696 18406 250 99 utes
2017 18397 189 109 she
2254 18397 543 142 presented
2844 18397 416 113 herself.
3378 18397 387 137 “Well,
3822 18406 165 109 Mr
4035 18406 274 118 Latti-

1701 18572 269 90 mer,
2055 18539 288 99 what
2386 18572 227 66 new
2683 18539 227 99 idea
2957 18543 189 94 has
3189 18543 364 99 struck
3600 18576 208 90 you
3846 18553 236 94 that
4153 18586 208 90 you

1696 18666 293 99 have
2031 18666 524 99 remained
2584 18676 109 90 at
2745 18671 307 94 home
3099 18671 411 123 to-day?
3652 18676 236 99 You
3921 18685 387 99 certain-

1696 18794 118 142 ly
1871 18817 283 90 must
2202 18803 128 104 be
2372 18798 321 128 ill,'or
2740 18798 260 109 have
3066 18798 430 109 decided
3543 18813 113 99 to
3704 18808 307 109 make
4101 18850 260 94 your

1696 18940 350 99 will?”
2296 18940 90 99 ‘1
2438 18940 203 123 beg
2688 18973 260 90 your
2995 18940 392 123 pardon
3477 18945 463 118 madam,
3992 18950 47 99 I
4096 18950 265 104 have

1701 19087 198 90 not
1946 19082 231 94 sent
2230 19077 165 99 for
2438 19106 208 104 you
2698 19082 109 94 to
2854 19072 283 104 solve
3165 19110 203 99 any
3420 19087 690 123 conundrum,
4167 19087 184 109 but

1682 19219 137 94 to
1866 19214 312 104 make
2225 19252 61 66 a
2334 19214 392 104 serious
2797 19214 213 104 and
3057 19214 647 132 melancholy
3751 19228 600 128 revelaiion,

1687 19351 227 99 and
2041 19351 43 99 I
2183 19351 274 132 hope
2575 19384 208 99 you
2858 19351 203 99 will
3175 19346 435 109 exhibit*
3652 19351 180 109 the
3917 19356 435 146 feelings

1696 19488 250 109 that
2017 19488 52 104 I
2117 19493 269 104 have
2433 19531 57 61 a
2537 19488 288 132 right
2896 19502 109 90 to
3052 19502 378 113 expect
3496 19498 279 99 from
3827 19531 61 71 a
3931 19507 246 99 wife
4252 19512 99 94 of

1687 19654 378 66 reason
2159 19625 213 94 and
2443 19625 397 94 human
2920 19625 557 123 feelings.”
3619 19625 203 104 She
3902 19630 449 132 laughed

1677 19753 307 132 right
2031 19767 189 94 out
2263 19776 109 85 at
2419 19753 213 109 this
2702 19786 449 94 sermon,
3198 19786 113 76 as
3359 19757 184 104 she
3591 19762 562 132 termetfit,
4238 19805 113 71 as

1687 19890 180 99 Mr
1918 19894 515 99 Lattimer
2504 19894 392 94 seldom
2943 19894 170 94 for
3156 19928 298 90 years
3501 19899 529 99 answered
4101 19932 189 99 any-

1677 20022 331 137 thing
2055 20060 113 71 or
2239 20022 491 137 anybody
2778 20055 279 71 more
3109 20027 255 99 than
3416 20060 180 104 yes
3643 20060 113 71 or
3831 20060 175 76 no.
4143 20036 208 109 She

1668 20164 411 132 replied
2150 20178 109 90 to
2310 20164 255 118 him,
2617 20197 113 66 as
2811 20164 184 99 she
3043 20192 208 71 saw
3335 20197 61 71 a
3435 20164 430 104 terrible
3912 20169 241 104 look
4243 20178 109 94 in

1672 20291 170 104 his
1871 20329 283 99 eyes.
2230 20296 359 132 “Why
2622 20296 283 104 what
2943 20296 128 99 do
3113 20329 208 99 you
3359 20329 298 71 mean
3699 20306 142 113 by
3874 20306 420 104 address-

1663 20428 203 128 ing
1951 20466 165 66 me
2164 20433 104 99 in
2320 20433 208 99 this
2603 20461 265 99 way,
2957 20433 718 123 Augustina?”
3822 20433 132 99 “I
4044 20471 298 71 mean

1668 20565 463 123 nothing
2183 20594 279 71 more
2509 20594 189 66 nor
2745 20565 203 94 less
3000 20561 260 99 than
3312 20565 231 99 that
3595 20565 458 132 through
4110 20575 180 99 mis-

1663 20693 709 113 calculations
2424 20693 213 113 and
2702 20698 586 128 otherwise,
3340 20698 47 104 I
3439 20698 269 109 have
3751 20707 203 99 lost
4039 20740 312 104 every

1663 20835 359 99 dollar
2074 20839 43 94 I
2159 20872 260 61 once
2466 20839 586 123 possessed,
3104 20839 213 94 and
3364 20839 369 123 to-day
3756 20872 118 61 or
3921 20849 369 94 to-mor-

1668 20995 227 71 row
1989 20967 180 99 the
2277 20967 364 132 public
2773 20962 472 132 journals
3359 20962 213 104 will
3685 20976 269 90 teem
4096 20972 255 104 with

1658 21099 198 109 the
1951 21099 378 113 failure
2419 21104 118 104 of
2622 21099 340 109 Jacob
3009 21099 510 109 Lattimer
3600 21104 85 104 &
3765 21104 180 109 Co.
4087 21109 265 109 Now

1658 21241 359 99 under
2107 21246 175 94 the
2367 21241 817 94 circumstances
3255 21241 279 94 what
3624 21241 265 99 have
3940 21274 203 94 you
4238 21260 109 85 to

1658 21406 241 104 say,
1961 21373 208 109 and
2220 21373 279 104 what
2551 21373 208 104 will
2844 21402 208 104 you
3099 21373 180 99 do?
3420 21373 47 104 I
3520 21402 198 76 can
3765 21406 142 71 no
3983 21373 369 142 longer

1654 21515 359 104 lavish
2055 21548 288 99 upon
2395 21543 198 99 you
2622 21543 194 66 nor
2854 21543 189 66 our
3090 21510 246 99 dear
3378 21510 208 128 boy
3624 21510 184 99 the
3841 21548 359 71 means
4238 21539 113 80 to

1654 21643 279 137 keep
1989 21680 203 85 you
2244 21676 113 76 as
2409 21647 619 94 heretofore.
3175 21643 184 132 My
3411 21676 189 99 age
3652 21647 203 99 will
3931 21661 180 90 not
4167 21652 123 99 ad-

1639 21789 222 99 mit
1928 21789 123 99 of
2131 21817 170 99 my
2353 21784 307 132 again
2712 21784 723 128 commencing
3482 21780 184 104 life
3713 21794 109 90 at
3893 21784 180 104 the
4120 21789 231 104 foot

1635 21926 151 94 of
1857 21921 189 99 the
2083 21921 392 99 ladder.
2627 21917 47 94 I
2731 21917 269 99 have
3052 21945 132 66 no
3231 21917 387 128 capital
3666 21917 250 99 with
4002 21921 340 104 which

1630 22063 142 99 to
1819 22072 279 90 start
2145 22054 175 104 the
2367 22058 274 104 most
2688 22049 378 137 simple
3113 22082 113 71 or
3274 22058 794 128 unpretentious
4101 22058 184 104 bus-

1639 22195 340 104 iness.
2131 22195 364 118 What,
2546 22191 137 99 oh
2731 22186 288 104 what
3066 22219 175 66 are
3288 22219 146 71 we
3501 22200 118 85 to
3666 22186 180 99 do?
3983 22195 128 99 In
4162 22195 180 104 the

1644 22361 335 76 name
2027 22328 118 104 of
2216 22332 142 99 all
2409 22328 231 104 that
2712 22323 85 104 is
2839 22318 279 137 good
3165 22328 208 99 and
3454 22323 524 132 merciful,
4063 22328 279 109 what

1635 22507 222 66 can
1937 22502 250 94 you,
2239 22469 109 94 in
2400 22465 208 99 this
2655 22498 175 90 my
2882 22465 354 109 bitter,
3331 22498 175 90 my
3581 22465 425 99 terrible
4101 22474 231 94 trial

1635 22606 165 128 by
1852 22606 680 99 misfortunes
2580 22592 794 104 recommend?”
3510 22587 165 99 He
3751 22592 373 128 placed
4172 22597 161 104 his

1639 22734 364 109 hands
2050 22767 250 71 over
2343 22729 165 104 his
2556 22757 241 104 eyes
2844 22729 213 104 and
3113 22734 274 118 wept
3430 22720 213 109 like
3690 22757 61 71 a
3798 22729 321 104 child.

1791 22876 255 123 She,
2074 22871 255 99 with
2357 22866 180 99 the
2584 22866 288 99 airof
2920 22899 132 66 an
3076 22894 463 94 empress
3572 22861 255 94 with
3883 22866 449 132 freezing

1578 23031 302 90 -east
1909 23013 123 104 of
2074 23017 732 99 countenance
2849 22998 680 142 deliberately
3562 22998 515 109 informed
4120 22998 208 118 him

1644 23154 458 123 2utshe
2131 23145 250 123 with
2414 23150 184 104 her
2655 23178 198 76 son
2877 23140 378 137 Willie,
3283 23145 279 104 after
3600 23145 562 132 gathering
4186 23145 146 109 all

4422 969 241 104 that
4710 959 317 118 could
5102 973 132 99 be
5310 969 728 123 conveniently
6080 964 387 99 turned
6515 973 109 90 to
6704 992 420 99 money,

4427 1101 354 109 would
4828 1139 137 99 go
5013 1115 109 94 to
5169 1106 189 104 her
5395 1106 449 104 father’s
5901 1106 321 94 house
6274 1096 213 104 and
6534 1091 312 109 make
6893 1096 241 104 that

4427 1243 194 109 her
4668 1243 364 109 future
5079 1243 345 132 home,
5480 1243 217 104 and
5783 1243 146 132 by
5981 1238 175 104 the
6208 1233 217 104 sale
6472 1238 118 99 of
6685 1238 184 99 her
6912 1233 170 104 val-

4431 1384 317 99 uable
4800 1384 463 123 jewelry,
5320 1380 350 99 which
5717 1380 109 94 in
5877 1380 335 94 better
6293 1370 260 123 days
6605 1370 208 99 had
6907 1380 227 85 cost

4436 1512 165 104 Mr
4682 1512 520 109 Lattimer
5287 1521 194 90 not
5546 1512 203 99 less
5835 1507 250 104 than
6180 1498 539 132 $150,000,
6794 1498 345 104 would

4441 1654 628 104 henceforth
5107 1658 449 123 support
5598 1654 236 128 her;
5915 1644 208 104 and
6175 1677 113 71 as
6317 1644 170 99 for
6534 1639 425 104 himself
7006 1639 132 104 he

4441 1791 213 99 had
4701 1791 345 99 better
5093 1791 246 99 seek
5391 1800 109 85 to
5580 1781 227 99 find
5854 1819 61 61 a
5967 1781 307 99 home
6326 1791 109 85 at
6515 1809 198 66 one
6761 1781 118 94 of
6969 1776 165 94 his

4446 1923 520 104 brothers.
5107 1923 227 99 The
5424 1913 562 109 diabolical
6038 1909 600 104 selfishness
6732 1909 402 123 shown,

4446 2065 576 123 regardless
5093 2065 132 94 of
5315 2060 217 94 him
5580 2055 113 99 in
5792 2055 161 94 his
6005 2050 170 99 old
6222 2079 236 94 age,
6501 2079 213 71 was
6761 2079 61 66 a
6869 2046 269 99 blow

4450 2192 132 104 he
4630 2192 317 104 could
4994 2202 189 90 not
5268 2187 265 137 rally
5580 2187 383 128 under;
6057 2187 132 94 he
6246 2178 411 104 fainted
6704 2178 430 118 lifeless,

4455 2343 104 90 to
4606 2329 142 109 all
4795 2357 694 109 appearance,
5537 2324 132 104 he
5717 2324 170 132 lay
5939 2310 529 113 stretched
6515 2324 184 90 out
6746 2343 137 71 on
6959 2315 180 99 the

4450 2471 302 99 floor.
4899 2471 156 99 To
5150 2471 439 128 prevent
5688 2494 61 71 a
5844 2490 345 90 scene,
6288 2452 213 104 and
6595 2452 274 99 close
6959 2447 184 104 the

4455 2608 425 104 mouths
4928 2608 118 99 of
5093 2603 553 99 indiscreet
5679 2603 515 113 servants,
6250 2589 184 104 she
6477 2589 335 132 hoped
6869 2594 109 94 to
7016 2589 123 99 be

4460 2750 227 94 able
4739 2754 109 90 to
4942 2745 307 123 bring
5301 2740 213 94 him
5565 2754 175 76 too
5792 2731 439 94 without
6283 2726 217 123 aid;
6581 2726 189 94 but
6865 2726 279 94 after

4455 2877 397 99 several
4937 2868 699 132 applications
5688 2863 109 99 of
5887 2858 236 99 first
6170 2882 189 76 one
6411 2854 208 99 and
6704 2854 439 99 another

4455 3014 425 137 remedy
4928 3005 468 113 resorted
5438 3014 118 99 to
5631 3005 109 104 in
5820 3000 260 104 such
6128 3024 326 99 cases,
6510 2991 189 109 she
6746 3024 213 76 was
7035 3000 104 94 at

4460 3156 208 99 last
4715 3156 411 123 obliged
5206 3161 104 85 to
5362 3146 194 99 call
5608 3151 109 85 in
5792 3175 57 61 a
5901 3137 581 128 physician,
6539 3137 274 104 who,
6869 3132 274 99 after

4465 3288 317 99 much
4866 3279 411 109 trouble
5324 3269 567 109 succeeded
5962 3274 104 99 in
6146 3279 515 113 restoring
6746 3265 331 99 anima-

4465 3425 260 123 tion,
4781 3425 180 99 but
5017 3425 161 99 his
5244 3444 369 76 reason
5665 3439 203 76 was
5948 3439 307 94 gone.
6406 3402 420 104 Several
6879 3397 198 132 phy-

4469 3567 378 94 sicians
4899 3591 260 66 were
5206 3548 402 99 invited
5655 3557 109 85 to
5811 3576 57 66 a
5953 3543 751 99 consultation.
6846 3534 298 128 They

4465 3690 449 104 without
4961 3723 66 66 a
5074 3680 331 137 single
5452 3680 581 128 dissenting
6123 3676 293 94 voice
6468 3666 680 137 pronouncetl

4469 3831 222 99 him
4781 3831 392 94 insane.
5315 3822 222 99 The
5598 3846 265 66 once
5934 3813 416 99 famous
6444 3798 435 128 banker,
6973 3798 175 104 the

4469 3964 543 132 Napoleon
5060 3959 118 104 of
5244 3954 279 104 Wall
5570 3954 354 118 street,
5981 3978 213 76 was
6265 3973 118 76 as
6435 3935 369 128 simple
6846 3969 113 76 as
7011 3973 132 71 an

4469 4101 383 104 infant.
4998 4110 94 90 A
5145 4091 378 104 second
5613 4087 704 104 examination
6411 4077 430 104 decided
6912 4077 231 99 that

4469 4238 165 94 his
4724 4261 236 71 case
5041 4261 208 66 was
5301 4257 194 66 one
5542 4224 118 94 of
5750 4224 175 94 the
6014 4214 633 118 incurables,
6704 4214 208 99 and
6992 4243 104 66 re-

4469 4356 676 109 commended
5197 4361 165 94 his
5391 4356 317 128 being
5750 4351 378 132 placed
6175 4351 104 94 in
6326 4346 184 99 the
6543 4342 534 128 Blooming-

4474 4502 231 99 dale
4757 4498 406 132 asylum
5244 4493 170 99 for
5461 4493 184 99 the
5688 4493 392 99 insane.
6227 4483 293 104 Thus
6591 4479 326 109 ended
6973 4479 180 99 the

4469 4668 345 71 career
4909 4635 113 99 of
5112 4630 180 99 the
5339 4658 255 66 once
5688 4620 586 104 successful
6369 4620 491 99 financier
6945 4620 203 94 and

4479 4772 458 104 eminent
5060 4762 430 104 banker.
5631 4757 123 104 In
5849 4757 553 132 gathering
6515 4753 387 104 wealth
7016 4753 132 99 he

4479 4904 246 104 took
4772 4904 633 132 precedence
5490 4932 246 66 over
5783 4899 142 99 all
5972 4899 118 99 of
6184 4899 161 94 his
6420 4890 572 104 associates
7035 4890 113 99 in

4479 5046 279 123 early
4800 5041 222 118 life,
5065 5041 189 94 but
5291 5046 109 90 at
5443 5036 180 99 the
5660 5036 274 123 price
5972 5031 213 99 and
6227 5027 468 99 sacrifice
6728 5031 118 94 of
6893 5027 194 128 hap-

4483 5178 383 128 piness,
4965 5178 132 94 he
5235 5169 241 99 died
5584 5187 468 104 unwept,
6170 5159 661 99 unmourned
6940 5159 208 99 and

4483 5310 576 99 friendless.
5202 5310 146 94 At
5443 5334 66 71 a
5551 5306 250 94 time
5891 5301 302 94 when
6260 5301 425 94 fortune
6775 5296 373 104 smiled

4483 5447 515 128 brightest
5041 5476 283 90 upon
5372 5438 170 104 Mr
5636 5438 652 104 Strathmore
6335 5433 128 99 he
6543 5466 213 66 was
6808 5433 340 104 called

4483 5584 274 99 from
4824 5584 250 94 time
5121 5594 113 85 to
5324 5580 487 123 eternity,
5868 5570 241 99 died
6194 5565 520 132 suddenly
6803 5570 109 99 in
6969 5570 180 99 the

4483 5721 458 99 arduous
4989 5712 416 132 pursuit
5447 5712 113 99 of
5631 5702 420 109 wealth.

4616 5854 463 94 Thomas
5126 5844 576 128 McClarry,
5759 5844 430 123 looking
6217 5835 454 99 forward
6704 5844 113 90 to
6855 5844 293 123 great

4488 5986 562 128 happiness
5098 5981 109 99 in
5258 5981 161 99 his
5513 5976 175 99 old
5778 6009 227 94 age,
6066 5972 808 128 unfortunately
6926 5981 217 90 met

4488 6123 250 99 with
4791 6156 66 66 a
4904 6104 307 118 series
5301 6113 118 99 of
5513 6113 321 99 losses
5924 6113 142 128 by
6118 6104 317 104 death
6534 6104 213 104 and
6813 6109 283 99 finan-

4488 6255 345 132 cially,
4890 6255 335 99 which
5282 6246 477 132 blighted
5802 6246 165 99 his
6024 6246 213 123 life,
6293 6246 439 123 causing
6780 6241 213 128 gall
7049 6255 99 90 to

4488 6392 156 99 fill
4739 6392 274 99 life’s
5065 6387 397 99 chalice
5509 6383 416 99 instead
6000 6383 113 99 of
6184 6378 241 99 that
6501 6392 359 85 nectar
6917 6411 170 94 pro-

4493 6524 387 132 ducing
4970 6520 685 128 immortality
5712 6515 208 104 and
5981 6548 321 66 never
6350 6510 387 132 ending
6784 6510 307 132 happi-

4493 6690 269 76 ness.
4909 6657 194 104 His
5192 6657 557 128 daughter,
5802 6652 643 128 Augustina,
6496 6647 302 104 made
6850 6685 61 66 a
6959 6647 189 104 sad

4493 6798 454 104 mistake
4994 6798 104 94 in
5140 6798 184 94 her
5372 6794 350 99 choice
5773 6794 113 99 of
5972 6789 189 104 life
6208 6789 624 132 companion
6888 6789 255 99 with

4498 6935 383 99 wealth
4970 6940 109 94 in
5150 6935 605 123 preference
5835 6935 113 90 to
6043 6926 770 132 unquestioned
6865 6926 222 128 prin-

4493 7068 274 132 ciple
4809 7068 213 99 and
5069 7063 657 104 educational
5778 7058 506 132 equality.

4630 7205 208 99 She
4885 7233 208 71 was
5183 7233 321 66 never
5594 7195 288 132 truly
5939 7200 350 128 happy
6335 7195 269 99 after
6657 7191 180 104 the
6917 7191 231 104 first

4502 7337 283 99 week
4838 7337 118 99 of
5003 7337 175 99 the
5225 7337 543 123 marriage.
5915 7332 208 99 For
6170 7337 397 118 twenty
6624 7361 293 99 years
6969 7332 184 99 she

4502 7469 279 109 lived
4833 7512 57 66 a
4937 7469 180 109 life
5169 7474 113 104 of
5376 7465 392 109 mental
5868 7469 416 132 misery,
6335 7465 387 137 feeling
6775 7465 175 104 the
6997 7469 104 99 in-

4507 7611 463 132 equality
5060 7611 454 123 existing
5608 7611 454 94 between
6161 7606 283 94 them
6515 7635 109 66 as
6723 7616 104 85 to
6921 7639 227 90 age,

4512 7748 321 94 social
4885 7748 359 118 tastes,
5301 7743 203 99 and
5556 7739 420 128 literary
6028 7739 798 128 acquirements.
6983 7739 113 94 In-

4498 7880 227 109 fact
4772 7876 161 104 his
5013 7876 335 104 whole
5438 7876 619 128 disposition
6132 7904 213 71 was
6392 7904 137 71 on
6576 7866 378 128 totally
7049 7894 104 85 at

4502 8022 487 104 variance
5031 8017 113 94 in
5187 8046 312 90 every
5546 8013 572 123 particular
6170 8013 246 94 with
6468 8008 269 94 hers.

4635 8145 151 99 To
4880 8145 208 104 live
5178 8140 657 109 surrounded
5920 8140 250 104 with
6260 8135 496 142 ordinary
6803 8164 293 80 neces-

4507 8287 317 104 saries
4861 8287 165 104 for
5074 8287 491 113 comfort,
5660 8315 378 99 money
6090 8282 85 104 is
6269 8282 883 128 unquestionably

4502 8424 534 123 requisite,
5093 8424 208 90 and
5348 8424 85 90 is
5480 8424 288 90 often
5811 8419 496 94 obtained
6350 8414 255 123 only
6652 8419 137 118 by
6836 8419 317 90 much

4507 8546 293 109 labor
4847 8546 208 109 and
5102 8580 317 90 many
5471 8546 553 128 sacrifices,
6080 8546 194 104 but
6312 8546 444 132 genuine
6794 8546 302 137 happi-

4507 8721 236 66 ness
4791 8707 378 85 cannot
5216 8698 118 90 at
5367 8688 142 99 all
5598 8693 307 94 times
6000 8688 123 99 be
6217 8688 595 123 purchased
6902 8688 250 99 with

4512 8854 406 94 money.
5060 8825 99 90 A
5206 8820 439 94 wedded
5707 8820 180 94 life
5934 8820 85 94 is
6066 8820 293 94 often
6454 8849 283 66 more
6808 8820 288 94 miser-

4507 8957 236 104 able
4791 8957 274 99 from
5112 8953 180 104 the
5339 8953 586 137 possession
5967 8953 113 104 of
6137 8957 222 99 vast
6402 8953 373 104 wealth
6813 8957 340 99 where

4507 9094 746 99 heartlessness
5306 9094 406 99 follows
5759 9090 260 99 than
6071 9104 439 118 poverty
6543 9090 345 104 where
6935 9104 217 94 true

4507 9227 496 109 Christian
5055 9231 548 104 character
5646 9227 402 109 dwells.

4639 9369 227 99 The
4904 9378 298 118 great
5249 9369 449 104 mistake
5745 9369 113 99 of
5948 9369 340 99 men’s
6331 9369 269 99 lives
6643 9369 90 99 is
6780 9378 113 90 to
6945 9369 151 99 dis-

4507 9501 312 104 burse
4866 9506 458 128 through
5381 9510 543 94 executors
5972 9506 113 94 of
6137 9501 203 99 will
6435 9501 274 104 after
6798 9501 350 132 death,

4512 9643 236 104 that
4795 9676 246 71 over
5088 9638 345 104 which
5523 9643 246 128 they
5820 9676 170 61 are
6090 9638 586 128 powerless,
6728 9676 364 94 person-

4507 9775 250 128 ally,
4814 9789 109 80 to
4998 9775 335 94 either
5424 9780 335 90 retain
5849 9775 406 94 control
6350 9803 118 66 or
6553 9780 591 99 distribute.

4507 9902 293 142 They
4913 9912 255 104 miss
5268 9902 180 118 the
5532 9902 713 142 gratification
6340 9921 104 94 to
6534 9912 619 109 themselves

4512 10054 307 94 while
4909 10049 335 128 living
5357 10054 113 94 Of
5561 10054 605 123 witnessing
6260 10054 562 123 happiness
6912 10087 184 61 con-

4512 10181 340 99 ferred
4961 10209 288 104 upon
5367 10209 312 104 many
5773 10214 137 66 an
6024 10181 690 104 unfortunate
6808 10181 345 109 whose

4512 10318 321 104 moral
4885 10323 520 99 existence
5457 10318 335 137 might
5844 10323 170 99 for
6061 10356 298 99 years
6411 10323 123 104 be
6581 10323 572 137 prolonged

4507 10469 109 85 to
4668 10460 335 94 watch
5055 10488 246 66 over
5348 10460 208 99 and
5603 10488 236 66 care
5887 10465 165 90 for
6118 10460 302 94 those
6468 10465 236 94 that
6746 10465 250 123 help
7049 10479 104 80 to

4512 10587 302 104 make
4857 10620 146 94 up
5050 10592 165 99 for
5254 10587 180 104 the
5523 10587 331 104 world
5948 10602 109 94 at
6146 10587 312 137 large,
6520 10592 208 104 and
6775 10597 321 104 contri-

4512 10729 246 99 bute
4805 10743 109 85 to
4961 10724 180 99 the
5173 10729 420 99 welfare
5622 10734 113 94 of
5773 10724 208 104 this
6019 10743 449 104 country
6515 10767 118 66 or
6680 10734 132 99 its
6850 10734 246 99 crim-

4502 10861 213 94 inal
4800 10876 454 80 records.
5424 10861 109 99 If
5598 10866 85 94 it
5778 10866 123 94 be
5995 10871 231 94 true
6317 10866 241 99 that
6638 10866 231 104 God
6964 10866 189 104 has

4498 10994 312 132 given
4857 11027 198 76 one
5098 11031 246 71 man
5391 11003 180 99 ten
5622 10998 378 104 talents
6080 11003 208 104 and
6378 11003 444 109 another
6912 11036 236 76 man

4502 11164 231 90 one,
4791 11135 236 118 why
5079 11135 383 99 should
5509 11135 142 99 all
5740 11169 236 66 men
6066 11140 128 94 be
6293 11145 543 123 expected,
6893 11178 260 66 even

4502 11263 255 94 with
4828 11263 175 99 the
5088 11296 194 71 one
5372 11268 208 99 and
5674 11291 283 76 same
6047 11272 690 132 opportunity
6789 11282 104 94 to
6987 11301 113 80 ac-

4498 11400 520 128 complish
5178 11400 180 109 the
5476 11433 283 80 same
5872 11409 260 104 ends
6326 11414 586 128 regardless
7044 11414 109 109 of

4493 11546 477 123 superior
5003 11546 364 118 ability
5409 11580 137 66 on
5580 11546 180 99 the
5797 11556 241 118 part
6071 11546 118 99 of
6217 11580 227 90 one,
6491 11551 213 99 and
6732 11556 420 99 inferior

4502 11702 113 66 or
4668 11674 198 104 less
4923 11679 383 99 talents
5353 11707 132 66 on
5537 11679 184 99 the
5759 11693 241 113 part
6043 11683 113 94 of
6203 11683 180 94 the
6454 11688 340 99 other.
6945 11688 208 99 But

4498 11806 567 137 happiness
5107 11811 506 132 certainly
5660 11820 501 99 eminates
6208 11820 283 99 from
6586 11820 175 104 the
6855 11825 250 99 satis-

4498 11953 402 104 faction
4980 11948 113 109 of
5183 11948 397 137 having
5679 11953 269 104 done
6038 11953 321 137 right,
6449 11962 387 132 having
6950 11962 156 104 dis-

4498 12090 458 123 charged
5036 12090 180 99 the
5310 12094 350 94 duties
5750 12094 562 128 faithfully
6402 12099 501 99 intended
7016 12104 137 128 by

4498 12217 217 99 him
4767 12222 231 99 who
5046 12222 454 99 controls
5546 12222 340 99 man’s
5920 12222 454 132 destiny.

4630 12350 194 104 Let
4871 12387 128 66 us
5046 12354 250 104 then
5343 12354 378 104 accord
5769 12364 109 99 to
5929 12354 142 109 all
6161 12359 236 104 that
6487 12359 383 137 justice
6917 12364 236 109 that

4498 12520 151 71 we
4701 12491 307 104 claim
5055 12496 170 99 for
5268 12496 534 99 ourselves
5849 12524 118 71 as
6014 12534 146 66 we
6208 12501 439 132 journey
6694 12501 458 132 through

4498 12624 217 128 life,
4814 12633 756 128 remembering
5679 12633 241 99 that
6005 12666 156 71 we
6255 12666 170 71 are
6515 12647 189 90 not
6794 12643 359 128 p’aced

4502 12765 241 104 here
4791 12765 208 104 and
5050 12770 553 128 permitted
5655 12780 104 90 to
5806 12770 203 104 live
6047 12770 165 104 for
6246 12780 524 99 ourselves
6808 12780 335 118 alone,

4502 12902 189 99 but
4739 12912 109 90 to
4942 12935 194 66 our
5173 12907 350 99 fellow
5570 12935 246 76 man
5910 12940 109 71 as
6113 12945 189 66 our
6392 12912 510 123 neighbor
6983 12950 170 66 are

4507 13068 151 66 we
4696 13035 562 132 obligated.
5405 13035 250 104 Man
5707 13044 85 94 is
5863 13044 501 99 intended
6416 13054 109 90 to
6576 13049 123 99 be
6770 13049 331 99 instru-

4507 13172 387 104 mental
4946 13176 109 99 in
5102 13172 175 109 the
5324 13176 940 137 accomplishment
6335 13186 123 104 of
6548 13181 180 109 the
6780 13186 208 104 will
7039 13191 113 104 of

4507 13313 373 99 Divine
4928 13313 643 104 Providence
5617 13346 113 76 or
5820 13323 137 99 its
6047 13323 713 128 furtherance,
6817 13332 203 99 and
7077 13332 76 99 if

4507 13446 128 104 he
4682 13450 241 104 fails
4980 13465 104 90 to
5131 13455 529 132 recognize
5712 13455 161 99 his
5920 13460 425 99 mission
6392 13460 463 132 through
6902 13465 203 104 will-

4502 13587 161 99 ful
4710 13592 557 118 ignorance
5310 13592 203 99 and
5561 13587 354 104 selfish
5962 13592 628 137 indulgence
6666 13602 213 99 will
6969 13611 184 90 not

4512 13724 227 99 God
4795 13724 378 128 punish
5225 13724 222 99 him
5499 13734 161 90 for
5754 13729 161 99 his
6009 13734 217 99 sins
6317 13734 118 99 of
6548 13739 605 104 omissions?

4644 13861 288 99 Then
4989 13861 539 104 inasmuch
5580 13899 113 66 as
5735 13866 335 99 Jacob
6123 13866 515 104 Lattimer
6680 13876 321 99 failed
7049 13880 109 94 to

4512 13994 132 99 do
4701 13998 321 104 God’s
5098 13998 425 123 service,
5608 13998 685 128 punishment
6392 14036 208 76 was
6690 14008 463 132 severely

4517 14131 283 99 dealt
4843 14145 184 90 out
5112 14145 113 90 to
5315 14135 260 99 him.
5717 14135 227 99 The
6038 14145 539 99 visitation
6657 14145 113 99 of
6846 14145 250 132 judg-

4517 14272 288 94 ment
4857 14301 208 71 was
5140 14268 288 128 slow,
5471 14272 194 94 but
5735 14301 288 76 came
6099 14277 302 99 when
6477 14282 123 99 he
6680 14315 213 66 was
6978 14287 180 94 the

4517 14400 265 104 least
4871 14405 231 99 able
5192 14414 109 90 to
5400 14409 302 99 abide
5792 14409 123 123 it,
6000 14409 302 104 when
6397 14447 61 66 a
6539 14414 619 109 Christian’s

4517 14537 269 128 hope
4833 14537 208 104 and
5135 14546 647 94 consolation
5872 14546 345 99 would
6307 14551 515 128 probably
6893 14556 269 99 have

4521 14674 317 99 saved
4880 14674 217 104 him
5150 14679 317 94 much
5561 14679 241 123 pain
5896 14679 208 104 and
6198 14683 605 128 bitterness,
6855 14688 298 99 when

4526 14806 123 99 he
4691 14811 307 99 could
5050 14811 265 104 have
5367 14811 335 99 found
5797 14811 562 137 happiness
6449 14825 109 99 in
6628 14825 180 99 the
6860 14825 250 104 satis-

4521 14943 397 104 faction
4965 14948 113 99 of
5126 14948 213 99 still
5391 14948 392 128 having
5844 14962 515 94 treasures
6435 14957 420 132 beyond
6945 14962 217 104 this

4526 15080 321 99 world
4918 15080 335 99 where
5348 15113 132 71 no
5589 15118 194 66 one
5877 15090 312 99 could
6260 15090 402 132 despoil
6746 15099 222 99 him
7054 15099 109 99 of

4526 15213 321 104 them.

5580 15354 236 104 The
5858 15392 246 71 end.

5121 15661 557 85 Masonic
5717 15666 855 94 Installation.

4663 15798 713 128 Providence,
5433 15808 246 94 Dec.
5735 15813 529 94 30.—The
6312 15817 279 99 Most
6643 15817 463 132 Worship-

4531 15926 161 99 ful
4743 15926 562 137 Sovereign
5348 15935 359 104 Grand
5759 15935 354 137 Lodge
6161 15940 123 109 F.
6364 15945 213 104 and
6624 15950 132 104 A.
6813 15950 194 123 M.,
7063 15959 109 104 of

4531 16063 180 104 the
4757 16068 298 104 State
5102 16072 109 99 of
5258 16072 373 104 Rhode
5679 16077 397 128 Island,
6175 16091 534 99 convened
6803 16124 109 66 m
6997 16096 175 99 the

4535 16200 354 94 Grand
4937 16205 364 123 Lodge
5348 16205 288 123 Hall,
5693 16214 340 94 South
6109 16214 293 99 Main
6491 16228 359 123 street,
6902 16224 198 104 Pro-

4535 16328 468 137 vidence,
5102 16337 156 109 St.
5357 16337 383 118 John’s
5835 16346 265 132 Day,
6198 16351 255 109 Dec.
6548 16361 165 128 27,
6813 16370 132 99 A.
7002 16365 128 109 D.

4540 16474 288 123 1882,
4890 16483 128 90 A.
5069 16474 128 99 L.
5254 16483 293 123 5882,
5598 16493 104 90 to
5787 16488 359 104 install
6213 16493 184 99 the
6487 16498 364 99 Grand
6926 16507 198 94 Offi-

4535 16635 222 71 cers
4805 16606 406 109 elected
5258 16616 246 99 13th
5556 16616 246 104 inst.
5896 16620 161 104 for
6146 16625 180 104 the
6425 16635 444 137 ensuing
6954 16639 146 109 Ma-

4535 16748 288 99 sonic
4876 16781 279 90 year,
5216 16753 203 104 and
5471 16757 132 128 by
5655 16772 420 113 request
6123 16762 109 99 of
6307 16767 128 99 R.
6491 16772 170 104 W.
6718 16776 454 104 Thomas

4545 16880 510 123 Wheeler,
5117 16885 128 94 D.
5301 16885 128 94 G.
5485 16885 392 99 Master
5967 16899 567 128 presiding.
6680 16904 222 99 The
6978 16913 146 99 fol-

4535 17008 387 142 lowing
4970 17013 359 109 Grand
5381 17017 425 109 Officers
5858 17060 255 71 were
6194 17031 255 137 duly
6496 17036 491 113 installed
7039 17050 132 132 by

4535 17145 123 104 P.
4715 17150 128 99 G.
4899 17150 146 99 M.
5088 17154 402 128 Joseph
5518 17159 132 99 H.
5693 17154 406 132 Banks,
6128 17173 449 99 assisted
6647 17183 132 123 by
6813 17178 359 109 Senior

4535 17277 118 104 P.
4734 17282 132 99 G.
4923 17282 189 128 M.,
5169 17287 269 104 Ezra
5476 17291 104 99 J.
5646 17291 369 104 Morris
6066 17329 113 71 as
6227 17301 359 109 Grand
6624 17306 548 118 Marshall:

4545 17414 146 109 M.
4748 17414 170 113 W.
4975 17419 553 132 Benjamin
5580 17428 387 137 Bryan,
6047 17438 128 104 G.
6255 17438 435 142 Master;
6780 17457 132 99 R.
6997 17457 165 104 W.

4540 17551 458 109 Richard
5079 17556 123 104 B.
5291 17565 142 94 K.
5490 17565 326 132 King,
5858 17570 132 99 D.
6047 17570 128 104 G.
6279 17580 444 137 Master;
6803 17594 128 99 R.
6997 17594 165 99 W.

4535 17688 397 137 George
4984 17693 137 104 H.
5187 17693 780 146 Worthington,
6071 17707 128 109 G.
6302 17717 109 99 S.
6501 17717 222 132 W.;
6803 17726 137 104 R.
6997 17726 170 109 W.

4535 17825 274 99 John
4866 17835 128 94 A.
5055 17830 458 128 Walker,
5561 17839 128 99 G.
5740 17839 109 99 J.
5901 17839 222 132 W.;
6180 17849 132 104 R.
6402 17849 170 104 W.
6661 17863 510 128 Anthony

4540 17957 463 132 Walker,
5055 17967 132 104 G.
5244 17967 340 142 Tres.;
5646 17972 128 109 R.
5825 17976 165 104 W.
6047 17981 397 137 Joseph
6529 17991 142 104 11.
6761 17991 402 142 Banks,

4535 18094 128 104 G.
4715 18099 406 137 Sec’y.;
5183 18109 132 104 R.
5367 18109 165 104 W.
5631 18113 335 99 Lewis
6033 18118 496 132 Thomas,
6586 18132 128 99 G.
6813 18137 345 123 Tyler.

5537 18269 624 76 APPOINTED.

4672 18364 524 146 Worship,
5254 18373 430 113 Walker
5731 18378 146 113 M.
5986 18387 510 142 Webster,
6586 18397 146 113 M.
6789 18406 118 104 of
6983 18411 175 137 C.;

4535 18501 562 132 Benjamin
5145 18520 132 94 R.
5362 18520 468 118 Nichols,
5887 18524 123 99 G.
6099 18529 553 132 Lecturer;
6709 18543 454 104 Michael

4531 18633 137 99 H.
4724 18633 397 132 Boyen,
5169 18643 128 99 G.
5348 18647 562 137 Chaplain;
5967 18652 364 109 James
6373 18661 151 104 Le
6595 18666 383 132 Count,
7030 18676 128 109 G.

4540 18765 539 137 Marshall;
5150 18775 340 109 Moses
5532 18784 109 104 J.
5745 18784 317 132 Ford,
6142 18789 132 109 G.
6350 18798 567 132 Standard,
6973 18808 184 109 8.-

4540 18907 458 104 William
5041 18917 132 99 T.
5225 18917 331 128 Scott,
5617 18921 128 104 G.
5806 18921 359 109 Sword
6208 18921 184 142 B.;
6468 18940 364 132 Henry
6898 18945 198 128 Tay-

4531 19039 189 128 lor,
4762 19044 123 104 G.
4942 19044 104 109 S.
5107 19049 180 123 D.;
5343 19054 283 109 John
5712 19063 128 99 A.
5929 19058 605 151 Creighton;
6591 19077 123 104 G.
6770 19082 104 104 J.
6973 19087 184 109 D.*

4526 19181 397 132 Joseph
4984 19186 123 104 L.
5154 19186 345 137 Hyde,
5556 19195 132 104 G.
5740 19195 104 104 S.
5906 19200 161 132 S.;
6123 19200 359 109 Frank
6534 19219 435 132 Ashley,
7025 19172 132 156 G*

4531 19318 104 99 J.
4696 19323 161 132 8.;
4918 19318 359 142 Henry
5324 19328 520 132 Johnson,
5896 19332 132 109 G.
6085 19337 246 113 Pen.

4658 19460 463 104 Address
5169 19469 118 94 of
5334 19469 364 104 Grand
5740 19474 430 128 Master,
6222 19517 364 71 corner
6619 19498 113 94 of
6770 19488 331 113 Broad-

4531 19620 227 99 way
4809 19597 208 94 and
5065 19592 345 104 Booth
5461 19616 354 113 street,
5872 19606 666 132 Providence,
6600 19620 132 99 R.
6808 19625 90 104 I.

4658 19729 463 104 Address
5173 19729 109 104 of
5334 19729 123 109 G.
5509 19739 548 128 Secretary
6104 19753 203 99 and
6378 19753 605 137 Chairman,
7035 19767 118 104 0.

4526 19890 137 66 on
4720 19861 123 104 F.
4904 19861 161 128 C.,
5117 19866 128 99 29
5296 19866 340 109 Grove
5674 19890 354 109 street.
6066 19880 671 132 Providence,
6789 19899 137 99 R.
6983 19899 85 99 I.

5164 20173 283 80 New
5513 20178 506 99 London
6057 20183 468 90 Letter.

4663 20301 265 104 New
4998 20306 482 128 London,
5575 20315 203 99 Jan
5858 20320 99 123 2,
6038 20320 661 113 1883.—The
6784 20334 317 113 Metro-

4521 20433 397 94 politan
4951 20447 392 71 custom
5386 20443 109 76 of
5551 20447 420 94 making
6043 20452 198 80 and
6312 20466 539 90 receiving
6917 20480 246 76 calls

4521 20551 132 57 on
4696 20532 175 76 the
4909 20532 227 76 first
5178 20537 194 94 day
5409 20537 104 80 of
5551 20542 180 76 the
5764 20561 246 80 year
6047 20565 208 61 was
6326 20570 255 80 very
6628 20575 534 76 generally

4521 20627 501 90 observed
5060 20631 109 85 in
5206 20636 208 80 this
5452 20641 236 104 city.
5797 20641 213 90 The
6052 20650 435 99 gallants
6524 20679 274 66 were
6831 20683 180 71 out
7054 20679 104 85 in

4521 20740 189 71 lull
4753 20740 307 90 force,
5107 20740 312 85 while
5457 20750 265 80 most
5754 20754 109 76 of
5896 20769 189 61 our
6118 20754 208 99 city
6397 20764 260 80 bells
6728 20778 198 76 and
7006 20797 104 57 es-

4521 20839 411 71 teemed
4970 20849 458 71 matrons
5466 20863 274 57 were
5778 20854 99 71 at
5934 20854 298 76 home
6288 20863 534 90 receiving
6888 20872 274 80 their

4521 20929 369 76 callers
4989 20934 109 76 in
5154 20953 57 61 a
5306 20934 539 113 becoming
5962 20962 454 71 manner.
6562 20957 595 99 Prominent

4521 21043 373 85 among
4932 21033 335 90 whom
5315 21061 269 66 were
5622 21043 203 90 Mrs
5863 21052 194 80 and
6099 21052 241 90 Miss
6406 21057 369 94 Louise
6817 21071 302 90 Batus

4521 21142 99 71 at
4701 21137 274 80 their
5046 21137 572 90 residence
5641 21165 132 61 on
5844 21156 326 76 Cedar
6241 21165 340 90 street,
6666 21170 208 80 Mrs
6954 21184 203 76 and

4521 21231 246 80 Miss
4828 21241 520 90 Angeline
5376 21246 576 99 Hutchings
6019 21269 128 61 on
6222 21255 496 104 Chappell
6789 21279 364 76 street-

4521 21331 208 80 Mrs
4800 21331 269 90 John
5187 21340 317 99 Ailer,
5584 21345 614 99 Hempstead
6302 21364 364 99 street;
6751 21340 402 128 Madani

4526 21435 47 76 I
4606 21439 189 99 001,
4838 21463 175 61 cor
5079 21444 109 85 of
5225 21444 487 104 Prospect
5745 21463 317 71 street
6128 21463 198 80 and
6406 21468 435 99 Bulkley
6879 21501 194 61 ave
7134 21435 19 132 ■

4521 21539 213 76 Mrs
4800 21543 198 76 and
5069 21548 250 76 Miss
5391 21553 359 76 Emma
5820 21553 369 99 Lewis,
6265 21562 444 80 William
6784 21581 317 80 street

4521 21638 146 76 On
4710 21633 402 109 Sunday
5145 21661 61 66 a
5244 21643 312 85 select
5608 21666 496 90 company
6175 21661 104 80 of
6350 21666 397 85 invited
6789 21685 354 80 guests

4521 21756 274 66 were
4833 21746 643 85 entertained
5513 21761 99 71 at
5655 21756 364 80 dinner
6057 21765 109 76 at
6222 21765 175 80 the
6472 21775 534 85 residence
7039 21789 109 76 of

4521 21841 151 76 Mr
4715 21841 283 80 Titus
5074 21850 345 80 Batus.
5509 21850 213 80 The
5806 21874 307 66 menu
6217 21883 213 61 was
6529 21883 624 80 exqaisitelv

4517 21940 203 80 fine
4757 21945 198 80 and
4998 21964 208 61 was
5239 21950 369 99 spread
5693 21973 109 61 m
5868 21954 184 80 the
6118 21959 312 85 host’s
6468 21973 685 94 well,known

4512 22044 472 99 superior
5022 22072 463 61 manner.
5584 22054 213 80 The
5835 22077 496 90 company
6373 22091 198 61 was
6609 22091 543 80 composed

4512 22153 104 71 ot
4654 22153 156 76 Mr
4876 22153 203 76 and
5121 22157 208 76 Mrs
5362 22153 222 80 Wm
5641 22162 340 76 Hicks.
6066 22162 151 80 Mr
6288 22176 198 76 and
6562 22176 208 76 Mrs
6841 22176 269 90 Fred

4521 22243 444 104 Randall,
5031 22252 402 80 Madam
5509 22252 340 85 Parlin
5915 22266 198 76 and
6184 22266 236 85 The
6458 22276 364 80 Globe
6879 22252 255 118 man’

4512 22342 850 113 Thejattendance
5395 22356 99 85 at
5523 22356 175 85 the
5726 22365 798 90 entertainment
6557 22389 99 71 at
6690 22351 458 123 Mission’

4512 22455 378 99 Chapel
4923 22483 128 57 on
5093 22460 628 90 Wednesday
5773 22474 444 90 evening
6279 22498 203 52 was
6520 22498 255 71 very
6813 22493 298 71 small

4507 22554 85 66 A
4668 22573 487 80 program
5225 22559 109 76 of
5400 22578 255 76 very
5698 22578 231 61 rare
6019 22573 581 80 excellence
6638 22597 208 61 was
6921 22606 170 71 pre-

4512 22654 354 80 sented
4909 22658 109 76 in
5055 22677 57 57 a
5164 22672 430 66 manner
5631 22658 217 80 that
5877 22663 331 80 would
6255 22668 255 85 have
6539 22677 260 85 done
6822 22687 326 85 credit

4507 22753 104 76 to
4644 22772 57 61 a
4739 22776 501 85 company
5277 22762 109 76 of
5424 22762 761 99 professionals.
6307 22767 203 85 The
6553 22786 213 71 solo
6808 22786 340 80 ‘Take

4507 22852 246 80 back
4795 22861 170 76 the
5041 22861 345 80 heart”
5485 22876 213 66 was
5773 22866 624 94 exquisitely
6463 22880 510 80 rendered
7011 22885 132 94 by

4507 22951 241 90 Miss
4819 22956 435 90 Lavinia
5348 22956 279 90 Ross.
5750 22961 213 90 The
6028 22965 217 85 solo
6312 22970 128 109 by
6510 22975 378 94 Messrs
6921 22984 227 90 Wm

4498 23074 203 71 and
4739 23065 269 85 John
5046 23065 392 90 Jordan
5485 23088 203 66 was
5759 23074 217 76 also
6047 23074 307 104 finely
6397 23088 534 85 rendered.
7006 23098 142 80 As

4498 23178 61 66 a
4597 23173 331 85 whole
4965 23178 175 76 the
5183 23173 813 85 entertainment
6061 23197 208 61 was
6340 23206 57 57 a
6468 23206 406 66 success
6945 23202 198 71 and

9231 420 5 123 '
9283 468 43 33 <
9520 420 5 123 ■
9576 420 9 123 ’
9713 482 33 19 -
9997 435 28 109 I
13233 420 47 76 \

6619 581 463 161 THE
7257 581 543 161 NEW
7980 576 657 165 YORK
8820 586 869 175 GLOBE:
9879 609 1318 161 SATURDAY.
11381 605 1110 156 JANUARY
12666 605 170 165 6,
13035 600 472 156 1883.

7304 964 184 80 the
7569 964 600 76 committee
8249 978 180 61 are
8518 959 439 85 entitled
9047 973 104 76 to
9260 978 713 90 considerable

7309 1058 359 85 credit.
7828 1058 156 80 Mr
8074 1058 340 80 Frank
8504 1058 321 85 Jones
8910 1068 184 76 the
9180 1072 435 94 popular
9713 1082 265 85 head

7313 1167 364 80 waiter
7710 1162 104 85 of
7852 1157 647 90 theCrocker
8523 1162 345 85 House
8891 1186 213 61 was
9137 1181 553 94 presented
9723 1191 255 85 with

7304 1290 198 57 one
7540 1266 109 80 of
7682 1266 628 99 ‘•Dunlap’s”
8357 1266 217 80 best
8622 1266 198 80 silk
8868 1271 231 76 hats
9161 1294 132 61 on
9335 1280 624 99 Christmas,

7313 1389 109 57 as
7460 1389 57 52 a
7554 1365 317 99 slight
7913 1365 307 76 token
8258 1370 109 71 of
8438 1370 180 71 the
8693 1375 387 71 esteem
9156 1370 104 76 in
9335 1380 335 76 which
9723 1389 255 76 hets

7313 1465 241 80 held
7592 1465 128 94 by
7762 1465 293 80 those
8145 1465 104 76 in
8324 1465 165 76 his
8556 1465 444 94 employ.
9109 1469 265 85 Chas
9449 1474 298 85 Allen
9794 1483 184 85 the

7313 1587 350 80 young
7706 1587 231 61 man
8003 1564 227 85 who
8263 1559 350 90 frezed
8660 1564 156 85 his
8854 1569 213 85 feet
9132 1569 194 90 last
9369 1592 369 76 winter
9780 1592 198 85 and

7313 1691 213 57 was
7559 1668 420 99 obliged
8055 1677 104 71 to
8235 1672 265 76 have
8565 1687 198 61 one
8835 1682 619 85 amputated,
9506 1682 175 80 has
9723 1691 250 80 been

7313 1767 468 99 supplied
7838 1772 123 94 by
8003 1772 165 76 his
8202 1767 402 76 friends
8646 1767 246 76 with
8939 1786 128 61 an
9123 1776 477 80 artificial
9690 1786 246 80 limb

7313 1866 198 80 and
7554 1866 156 80 “is
7743 1866 227 80 able
8013 1876 104 71 to
8150 1880 416 66 resume
8613 1866 156 80 his
8811 1866 335 85 labors
9222 1880 302 90 again
9605 1880 104 85 in
9789 1890 180 80 the

7313 1970 534 99 Telegram
7890 1970 298 76 Press
8239 1965 416 80 Room.”
8802 1970 335 80 About
9170 1961 350 99 fifteen
9557 1989 420 99 couples

7313 2069 487 80 attended
7838 2069 175 76 the
8050 2069 463 99 surprise
8570 2069 298 90 party
8910 2069 572 85 Christmas
9524 2083 302 99 night
9869 2112 109 57 at

7313 2169 180 85 the
7526 2169 534 85 residence
8098 2169 104 80 of
8277 2169 156 76 Mr
8471 2169 260 76 Fred
8816 2169 454 85 Xandall.
9373 2178 283 104 They
9704 2206 274 71 were

7313 2272 576 99 pleasantly
7932 2268 482 85 received
8471 2268 198 80 and
8745 2277 624 104 everything
9425 2306 208 61 was
9709 2291 269 85 done

7313 2376 128 99 by
7483 2381 175 76 the
7701 2372 335 109 genial
8088 2381 227 76 host
8367 2376 203 76 and
8636 2376 402 80 hostess
9066 2386 104 71 to
9203 2381 265 85 have
9501 2391 132 76 all
9671 2391 307 104 enjoy

7313 2499 57 57 a
7413 2480 468 94 pleasant
7913 2476 477 104 evening.
8537 2476 213 80 The
8792 2476 213 80 Rev
9047 2476 142 85 W.
9236 2480 104 85 E.
9383 2485 444 99 Walker,
9874 2499 104 80 of

7313 2580 487 94 Trenton,
7852 2575 113 85 N.
8041 2575 128 94 J.,
8239 2580 373 99 passed
8688 2580 449 99 through
9213 2589 203 76 this
9491 2594 213 99 city
9780 2603 198 76 last

7313 2683 534 94 Thursday
7923 2688 458 71 enroute
8447 2688 109 66 to
8622 2679 704 99 Middletown,
9392 2693 335 80 Conn.
9893 2702 85 76 A

7318 2792 293 85 great
7701 2797 307 71 many
8069 2778 213 76 will
8353 2778 260 76 visit
8674 2778 487 80 Hartford
9236 2792 600 76 to-morrow
9879 2802 99 66 to

7323 2877 416 80 witness
7809 2877 180 80 the
8046 2877 723 104 inauguration
8844 2877 109 80 of
9024 2877 217 94 Gov
9283 2882 406 94 Waller.
9794 2891 180 90 We

7313 2981 364 85 advise
7748 2986 175 80 the
7989 2981 425 85 readers
8490 2981 104 85 of
8660 2981 241 85 The
8934 2981 359 94 Globe
9364 3000 113 80 to
9548 3000 298 80 make
9921 3024 57 61 a

7318 3090 506 99 specialty
7857 3090 104 76 of
8008 3090 430 99 reading
8476 3090 180 76 the
8726 3090 624 90 Governor’s
9397 3104 425 76 address
9860 3123 113 57 as

7323 3208 151 57 we
7512 3208 180 57 are
7724 3189 454 94 positive
8216 3189 250 90 they
8509 3189 213 76 will
8787 3189 213 76 find
9080 3198 600 99 something
9751 3203 104 76 in
9902 3203 80 80 it

7313 3288 222 80 thst
7578 3288 184 80 has
7800 3307 57 61 a
7894 3288 430 99 bearing
8357 3302 132 66 on
8528 3307 128 61 an
8698 3293 572 90 important
9321 3298 397 104 subject
9756 3302 227 85 that

7318 3387 373 85 should
7724 3392 265 85 have
8031 3392 255 85 been
8320 3392 529 85 remedied
8877 3392 128 99 by
9043 3392 161 85 his
9236 3402 751 99 predecessors.

9269 3501 609 85 Verbatim.

7455 3879 487 123 Albany,
7989 3879 213 104 Jan
8249 3879 468 99 3.—The
8769 3874 487 137 holidays
9288 3912 269 76 were
9633 3917 307 94 gener-

7323 4011 203 99 ally
7587 4011 539 80 observed.
8235 4011 307 99 Many
8613 4011 411 80 baskets
9099 4020 472 80 received
9614 4020 180 80 the
9869 4025 94 76 la

7323 4110 222 80 dies
7611 4115 246 76 New
7932 4110 350 94 Years,
8367 4115 170 76 but
8570 4110 213 80 still
8858 4129 265 80 your
9189 4120 813 94 correspondent

7323 4209 317 76 found
7715 4233 307 71 many
8060 4214 534 90 receiving
8631 4209 175 76 the
8844 4228 227 57 new
9113 4214 194 76 and
9354 4219 170 76 old
9567 4219 71 71 ft
9666 4219 326 80 lends.

7323 4304 241 85 Prof
7602 4309 213 80 Van
7857 4309 340 80 Buren
8244 4309 194 80 and
8490 4304 283 104 A.|B.
8825 4304 335 99 Myers
9241 4313 529 85 delivered
9813 4318 123 80 ad-

7323 4408 411 80 dresses
7772 4422 109 66 to
7913 4413 180 76 the
8131 4413 510 99 Egyptian
8721 4408 387 80 Bazaar
9146 4408 298 104 Club;
9482 4436 265 76 your
9789 4436 156 61 cor-

7323 4517 633 94 respondent
7994 4531 208 61 was
8244 4512 397 80 invited
8669 4521 109 71 to
8816 4512 241 76 take
9094 4526 260 85 part,
9397 4517 180 80 but
9647 4521 345 104 owing

7323 4620 104 66 to
7465 4635 491 80 previous
7994 4620 699 94 engagement
8773 4630 198 61 was
9009 4616 369 80 unable
9416 4625 109 71 to
9591 4625 378 76 attend.

7323 4715 66 76 A
7422 4724 28 66 t
7493 4715 175 80 the
7715 4720 109 80 A.
7890 4715 132 85 M.
8079 4715 109 85 E.
8258 4715 411 80 Church
8740 4710 406 104 Sunday
9222 4724 482 94 evening.
9780 4720 213 85 Rev

7323 4814 439 85 Derrick
7833 4814 553 99 presented
8447 4838 123 61 an
8622 4814 227 85 able
8915 4833 435 66 sermon.
9482 4819 142 80 Lo
9666 4843 104 80 ig
9846 4824 104 80 be-

7323 4918 222 80 fore
7616 4918 387 80 church
8060 4918 288 94 time,
8424 4937 260 85 your
8750 4923 813 90 correspondent
9633 4928 369 90 passed

7323 5027 180 66 toe
7535 5022 425 80 Schurch
8003 5022 241 94 and-,
8287 5022 161 76 his
8518 5022 487 94 surprise,
9071 5022 312 76 about
9449 5041 198 57 one
9713 5027 227 76 thou-

7323 5121 255 71 sand
7616 5135 439 76 persons
8093 5121 194 76 had
8334 5121 572 76 assembled
8948 5121 317 76 there.
9392 5121 246 76 This
9713 5121 288 99 large

7323 5220 515 94 assembly
7880 5235 283 61 came
8206 5225 104 71 to
8348 5220 236 76 take
8622 5220 231 94 part
8891 5220 109 76 in
9038 5220 279 80 what
9354 5220 90 80 is
9477 5220 369 80 known
9893 5244 109 57 as

7328 5315 520 109 watching
7928 5320 482 99 meeting.
8523 5320 156 80 Mr
8745 5324 76 80 I.
8882 5315 104 85 B.
9028 5315 387 94 Joseph
9496 5324 175 80 has
9751 5324 250 85 been

7323 5424 444 99 visiting
7843 5424 392 80 friends
8296 5424 246 80 here
8594 5424 198 80 and
8844 5443 208 61 was
9123 5424 180 80 the
9340 5433 298 90 guest
9671 5428 109 76 of
9846 5428 156 76 Mr

7323 5518 109 80 B.
7479 5523 548 94 Mclntyre.
8135 5523 246 80 Miss
8424 5528 260 76 Cora
8721 5528 572 76 Anderson'
9335 5528 109 76 of
9482 5546 510 76 Syracuse,

7323 5636 90 57 is
7450 5622 175 80 ihe
7668 5627 298 94 guest
7994 5622 113 80 ”f
8145 5627 317 76 Abbie
8499 5622 208 80 Van
8754 5622 529 80 Vranken.
9378 5622 156 80 Mr
9572 5627 104 80 C.
9728 5627 203 80 Law-

7323 5740 340 71 rence,
7701 5731 99 71 ot
7847 5726 345 94 Rome,
8268 5726 90 76 is
8400 5726 104 80 in
8537 5726 175 80 the
8750 5726 246 99 city.
9113 5726 161 80 Mr
9345 5726 477 99 Lindsey,
9898 5731 109 80 of

7323 5820 99 80 St
7517 5825 581 94 Catherine,
8178 5835 302 90 spent
8556 5825 241 80 New
8877 5825 312 80 Years
9279 5825 104 76 in
9458 5825 213 80 this
9742 5835 250 90 city.

7323 5920 250 85 Miss
7611 5924 302 80 Tillie
7961 5929 279 94 Deyo
8277 5924 184 80 has
8499 5924 420 80 arrived
8967 5924 298 80 home
9302 5924 165 80 for
9534 5934 170 71 the
9746 5929 194 80 win-

7323 6028 184 76 ter.
7616 6028 250 76 Miss
7951 6028 128 80 M.
8173 6028 213 76 Van
8476 6024 416 80 Ranken
8991 6028 180 76 has
9260 6028 468 94 changed
9822 6033 184 76 her

7323 6132 435 76 mindin
7843 6132 430 90 regards
8306 6137 104 71 to
8452 6128 184 80 her
8679 6132 378 76 Boston
9123 6132 236 94 trip.
9468 6132 156 76 Mr
9699 6132 227 80 Arm-

7323 6231 288 80 stead
7649 6231 411 80 Ballard
8121 6250 213 61 was
8372 6246 118 66 ca
8537 6231 165 80 led
8754 6250 288 76 away
9080 6231 543 94 suddenly,
9666 6236 123 94 by
9827 6236 180 76 the

7323 6345 369 66 severe
7734 6335 359 76 illness
8126 6335 109 76 of
8277 6331 161 80 his
8476 6331 406 80 mother
8915 6331 109 80 in
9066 6331 411 94 Suffolk,
9520 6331 175 80 Va.

7422 6430 213 80 The
7710 6435 392 99 Albany
8178 6435 425 76 Cantata
8679 6430 633 80 Association
9397 6454 265 76 gave
9728 6435 279 80 their

7328 6534 373 80 second
7772 6539 406 76 cantata
8216 6534 109 80 in
8400 6534 231 76 four
8702 6534 288 94 parts
9099 6539 104 71 at
9269 6529 737 85 Chauncellors

7323 6633 269 94 Hall,
7668 6657 123 57 on
7876 6638 378 99 Friday
8334 6633 482 104 evening,
8891 6633 567 80 December
9524 6633 132 80 29.
9794 6638 213 80 The

7323 6737 534 104 following
7913 6737 94 85 is
8046 6756 57 61 a
8140 6742 217 80 cast
8391 6737 109 80 ot
8565 6737 633 80 characters:
9260 6737 104 85 C.
9444 6737 557 99 Chapman,

7323 6860 113 57 as
7507 6841 543 99 shepherd,
8102 6841 335 80 which
8504 6855 208 66 was
8764 6841 236 80 well
9038 6841 354 85 taken;
9468 6841 175 80 the
9718 6846 283 76 anvil

7323 6954 416 71 chorus,
7786 6945 128 99 by
7951 6945 184 76 the
8169 6940 643 94 association,
8858 6959 208 61 was
9109 6945 562 90 excellent;
9713 6945 236 76 Miss-

7328 7058 104 57 es
7479 7044 317 99 Viney
7838 7044 198 76 and
8083 7044 520 99 Chapman
8655 7058 250 85 sang
8948 7058 57 61 a
9047 7039 194 80 few
9283 7044 350 76 choice
9704 7044 298 80 solos.

7323 7139 217 85 The
7616 7143 274 80 birth
7961 7143 109 76 of
8135 7143 350 80 Christ
8556 7162 213 57 was
8849 7143 231 80 well
9170 7143 312 80 taken
9557 7148 198 76 and
9827 7143 180 80 the

7323 7261 307 61 scene
7706 7247 420 99 perfect.
8263 7247 213 76 The
8546 7243 425 99 singing
9043 7261 213 61 was
9350 7247 652 90 remarkably

7328 7346 265 99 good
7635 7346 198 80 and
7890 7346 175 80 the
8102 7346 468 80 children
8622 7365 274 61 were
8967 7346 236 76 well
9236 7346 444 90 trained,
9761 7346 246 80 each

7323 7446 364 99 taking
7767 7446 156 85 his
7994 7450 231 99 part
8353 7446 269 85 well.
8811 7446 383 80 Second
9288 7446 548 109 shepherd.
9907 7450 94 85 J.

7328 7550 520 90 Caldwell,
7937 7554 279 80 third
8258 7554 553 99 shepherd,
8887 7554 109 76 B.
9071 7554 543 94 Mclntyre,
9657 7554 345 80 fourth

7328 7654 548 94 shepherd,
7923 7654 80 76 S.
8055 7654 406 94 Frisby;
8485 7654 227 71 first
8745 7654 335 94 angel,
9118 7654 246 71 Miss
9402 7654 359 94 Viney,
9803 7672 156 61 sec-

7328 7753 198 71 ond
7616 7748 340 104 angel.
8031 7748 246 80 Miss
8348 7748 118 80 G.
8537 7748 463 94 Abrams,
9085 7748 496 99 guardian
9666 7753 335 99 angel,

7332 7847 246 90 Miss
7616 7852 557 104 Chapman,
8202 7847 359 104 Virgin
8608 7847 317 109 Mary,
8967 7852 250 85 Miss
9260 7852 265 104 Mny,
9567 7857 435 99 goddess

7328 7956 109 76 of
7493 7956 439 80 dreams.
7975 7956 250 76 Miss
8263 7956 463 90 Helmus,
8773 7956 444 94 goddess
9274 7956 109 76 of
9425 7965 260 80 love,
9756 7961 250 76 Miss

7328 8050 397 99 Shelby,
7767 8055 260 71 frost
8065 8055 283 94 king,
8424 8055 90 76 J.
8556 8055 543 90 Shopman,
9132 8055 165 94 jr.,
9335 8060 288 76 santa
9694 8060 307 99 clans,

7332 8150 104 85 B.
7535 8154 543 104 Mclntyre,
8183 8154 373 80 chorus
8627 8154 439 104 singers.
9146 8154 359 90 Misses
9576 8154 425 113 Robson,

7328 8258 482 104 Jackson,
7852 8263 326 94 Coles,
8235 8258 392 85 Gclden
8669 8258 198 85 and
8910 8282 57 61 a
9000 8263 435 85 number
9472 8268 104 80 of
9624 8272 378 80 others.

7328 8367 250 71 Miss
7644 8367 113 71 A.
7838 8367 132 76 M.
8050 8367 562 90 Chapman,
8688 8362 435 90 pianist;
9189 8367 383 76 Master
9643 8372 364 76 Daniel

7328 8457 383 99 Hardy,
7753 8457 746 99 accompanist;
8542 8457 113 80 B.
8702 8457 557 104 Mclntyre,
9298 8457 94 80 J.
9435 8457 562 109 Chapman,

7328 8556 184 109 jr.,
7550 8565 293 94 stage
7880 8580 595 85 managers;
8509 8556 241 90 Prof
8787 8556 269 90 John
9104 8561 524 104 Caldwell,
9671 8565 279 90 direc-

7332 8674 189 71 tor.
7602 8665 213 80 The
7857 8665 425 80 citizens
8320 8665 109 76 of
8466 8665 397 90 Albany
8901 8688 180 57 are
9104 8669 487 80 indebted
9628 8679 94 76 t«
9770 8669 236 76 Prof

7337 8759 487 80 Caldwell
7866 8769 161 66 for
8069 8764 165 71 his
8272 8773 298 85 great
8613 8759 345 80 efforts
9000 8764 99 76 in
9146 8764 576 99 producing
9794 8773 213 76 this

7328 8858 454 104 original
7819 8868 435 76 cantata.
8362 8858 331 85 There
8735 8882 203 61 was
8976 8882 61 66 a
9076 8863 288 109 large
9397 8868 609 90 attendance

7328 8962 269 85 from
7635 8962 534 109 adjoining
8211 8967 321 80 cities.
9477 8976 123 80 D.
9638 8976 118 80 H.
9794 8976 109 80 T.

7460 9383 643 123 Hartford,
8178 9387 208 94 Jan
8447 9387 387 94 I.—As
8887 9387 302 99 usual
9265 9392 180 99 the
9529 9397 472 99 holidavs

7328 9510 454 104 brought
7819 9515 104 76 in
7970 9534 57 61 a
8069 9515 369 99 deluge
8471 9515 109 80 of
8646 9529 704 71 amusements
9392 9529 104 80 to
9534 9543 184 66 our
9761 9548 189 85 gen
9983 9510 19 123 -

7332 9619 317 94 erally
7696 9624 283 90 quiet
8017 9619 236 99 city.
8367 9619 213 80 The
8660 9628 312 76 event
9005 9624 109 76 of
9184 9624 180 80 the
9439 9633 279 71 week
9794 9652 213 61 was

7328 9723 180 76 the
7559 9723 458 76 familiar
8074 9723 482 76 andevei
8636 9723 487 76 welcome
9180 9742 317 80 opera
9557 9732 383 71 “Trova-

7328 9817 317 94 tore,”
7724 9813 123 99 by
7885 9817 614 104 Mapleson’s
8561 9822 321 90 grand
8924 9822 487 80 selection
9449 9822 109 85 of
9619 9836 383 85 artists.

7323 9921 345 85 Never
7710 9940 203 66 was
7956 9921 203 80 this
8202 9926 487 85 standard
8769 9921 279 90 work
9090 9945 109 61 so
9236 9926 312 109 finely
9591 9935 378 85 render

7332 10025 123 80 ed
7502 10030 274 76 here.
7890 10030 217 76 The
8140 10030 198 76 fair
8372 10035 90 71 at
8509 10030 180 76 the
8726 10030 293 76 Pearl
9066 10039 317 71 street
9454 10035 548 80 Methodist

7328 10124 387 80 church
7791 10143 208 57 was
8074 10148 255 76 very
8405 10124 557 80 successful
9033 10124 624 109 financially.
9794 10134 208 85 The

7323 10224 468 85 Waiter’s
7866 10224 586 85 Protective
8523 10224 335 90 Union
8910 10224 236 104 give
9213 10252 61 61 a
9312 10238 515 99 reception
9869 10266 128 61 on

7323 10332 194 85 Jan
7559 10332 80 85 3.
7743 10332 217 80 The
8027 10332 435 80 Sumner
8499 10337 250 80 Club
8792 10332 180 80 has
9043 10342 425 80 secured
9524 10346 175 76 the
9775 10346 227 80 Hen

7328 10436 553 76 Frederick
7923 10436 501 90 Douglass
8466 10446 99 66 to
8603 10436 397 76 deliver
9038 10455 61 57 a
9123 10436 392 85 lecture
9553 10450 104 71 at
9699 10446 298 99 Allyn

7328 10535 265 90 Hall,
7635 10535 194 80 Jan
7876 10535 128 94 10,
8046 10521 439 104 subject:
8551 10535 279 76 “The
8872 10535 307 80 lifeot
9213 10535 274 85 John
9534 10540 468 85 Brown.”

7328 10635 151 80 On
7517 10639 175 80 the
7734 10658 279 61 same
8046 10639 454 99 evening
8537 10654 57 61 a
8631 10635 449 104 banquet
9113 10644 217 80 will
9369 10644 128 80 be
9534 10644 312 104 given
9879 10649 123 99 by

7328 10743 175 76 the
7545 10743 227 71 club
7814 10748 90 66 at
7956 10743 180 71 the
8178 10743 269 71 close
8490 10743 104 71 of
8660 10743 180 76 the
8877 10748 392 76 lecture
9335 10753 109 71 at
9510 10748 180 76 the
9761 10748 184 80 Put-

7328 10857 241 57 nam
7658 10838 468 80 Phalanx
8216 10838 543 99 Armonry.
8868 10838 213 80 The
9151 10843 609 90 invitations
9827 10866 175 66 are

7328 10942 354 104 gotten
7767 10961 137 85 up
7942 10942 109 80 in
8102 10961 61 61 a
8202 10956 425 66 manner
8693 10937 539 113 reflecting
9302 10951 302 80 much
9680 10956 321 80 credit

7328 11065 274 80 upon
7677 11046 373 80 thetas
8107 11050 184 76 eol
8372 11046 180 80 the
8589 11055 619 76 committee.
9317 11055 85 76 A
9444 11055 203 80 fine
9713 11060 241 76 litho-

7328 11150 331 94 graph
7682 11150 109 76 of
7819 11150 170 71 the
8027 11150 203 71 late
8263 11145 425 80 Charles
8717 11150 430 76 Sumner
9175 11150 373 76 adorns
9572 11154 175 76 the
9780 11154 227 80 first

7323 11258 293 80 page.
7724 11244 156 76 Mr
7904 11244 402 80 Samuel
8339 11244 397 94 Harris,
8764 11244 109 80 of
8915 11244 420 99 Boston,
9373 11249 425 85 favored
9841 11254 161 85 his

7328 11362 317 85 many
7677 11348 397 85 friends
8112 11348 250 85 here
8405 11343 250 90 with
8693 11367 57 66 a
8783 11348 265 85 brief
9128 11348 255 90 visit
9416 11353 288 90 a,few
9751 11357 250 109 days

7328 11452 331 85 since.

7422 11556 217 80 The
7677 11556 520 99 marriage
8230 11556 109 80 of
8409 11556 146 80 Dr
8594 11556 572 104 Anderson,
9203 11561 109 76 of
9383 11561 619 90 Warehouse

7328 11650 302 80 Point
7682 11655 208 80 and
7961 11655 246 80 Miss
8282 11655 506 99 Adelphia
8854 11655 454 99 Murray,
9373 11665 104 76 of
9515 11665 208 80 this
9789 11674 194 94 cit;,

7328 11754 241 80 took
7606 11754 293 99 place
7970 11773 128 61 on
8145 11759 175 80 the
8386 11759 217 76 27th
8646 11759 180 80 ult.
8934 11759 156 80 Mr
9165 11759 487 104 Chaunay
9728 11769 203 85 Dou-

7332 11854 274 104 glass
7644 11858 194 85 and
7885 11858 208 80 Mrs
8135 11858 411 85 Watson
8589 11858 217 90 also
8872 11863 420 85 entered
9335 11863 180 85 the
9600 11868 402 90 blissful

7332 11976 269 71 state
7639 11981 132 66 on
7814 11967 180 80 the
8027 11967 217 80 28th
8282 11967 184 80 ult.
8570 11967 213 80 The
8835 11967 208 80 Rev
9090 11967 104 80 R.
9241 11967 113 90 R.
9392 11972 369 85 Morris
9798 11981 161 76 ofli-

7328 12066 335 80 ciated
7734 12085 132 61 on
7928 12071 241 76 each
8244 12071 501 76 occasion.
8849 12071 383 80 Scarlet
9298 12076 293 76 fever
9657 12076 90 80 is
9789 12080 203 76 still

7328 12170 378 90 raging
7748 12165 246 76 here
8036 12165 246 76 with
8334 12170 293 94 great
8660 12170 435 94 fatality.
9217 12170 208 80 The
9468 12170 392 85 friends
9893 12180 109 76 of

7328 12265 161 76 Mr
7512 12265 198 80 and
7739 12265 208 80 Mrs
7980 12265 222 80 Wm
8230 12265 406 80 Conver
8669 12265 373 104 deeply
9066 12274 628 94 sympathise
9746 12279 250 80 with

7328 12364 283 85 them
7682 12369 104 80 in
7824 12369 279 80 their
8164 12369 524 85 affliction.
8797 12369 241 85 This
9080 12378 444 80 dreaded
9567 12397 435 90 scourge

7332 12468 392 104 having
7767 12472 416 76 entered
8225 12477 279 76 their
8537 12472 397 94 family.
9038 12477 217 80 The
9293 12477 222 80 Hon
9567 12482 430 85 Charles

7328 12567 142 80 Mi
7517 12576 307 90 chell,
7857 12576 109 76 of
8008 12576 406 94 Boston,
8457 12586 302 90 spent
8797 12595 57 61 a
8915 12581 397 94 portion
9359 12581 109 80 of
9506 12581 175 80 the
9756 12586 203 80 holi

7328 12671 255 99 days
7625 12676 274 94 here,
7942 12676 487 104 stopping
8504 12680 99 76 at
8646 12680 170 80 the
8854 12680 378 85 United
9274 12680 321 85 States
9661 12685 335 85 Hotel.

7328 12775 85 80 It
7460 12798 175 61 can
7691 12780 123 80 be
7866 12780 222 80 said
8154 12794 104 71 to
8296 12780 175 85 the
8509 12780 326 85 credit
8877 12784 104 80 of
9033 12789 180 80 the
9246 12789 222 80 first
9515 12794 255 76 class
9822 12794 123 80 ho-

7328 12879 198 80 tels
7602 12883 246 76 here
7880 12888 227 71 that
8145 12902 265 57 none
8447 12888 109 71 of
8622 12888 288 76 them
8957 12888 435 80 hesitate
9430 12898 104 66 to
9605 12912 331 57 accom-

7332 12978 406 80 modate
7781 12987 350 90 guests
8164 12983 109 76 of
8310 13002 198 76 any
8551 13002 231 57 race
8820 13002 118 57 or
8976 12987 302 80 color.
9359 12987 633 80 Thesolemn

7328 13077 203 80 and
7573 13082 624 99 impressive
8235 13101 557 85 ceremony
8830 13082 104 85 of
9009 13087 524 104 watching
9576 13091 175 85 the
9822 13096 170 80 old

7328 13200 250 80 year
7611 13195 180 71 out
7824 13186 198 80 and
8069 13191 175 80 the
8282 13191 529 99 incoming
8849 13191 109 85 of
8991 13191 175 85 the
9203 13195 241 80 New
9506 13195 246 85 Year
9794 13224 208 57 was

7328 13290 506 80 observed
7894 13299 104 71 at
8031 13294 180 76 the
8249 13294 298 76 Pearl
8584 13304 321 71 street
8943 13299 557 80 Methodist
9557 13304 435 99 Church,

7328 13389 217 80 Rev
7583 13394 109 76 R.
7734 13389 128 85 R.
7904 13394 406 99 Morris,
8381 13398 373 94 pastor.
8863 13398 628 85 Callender’s
9557 13403 449 109 Georgia

7328 13488 572 90 Ministrels
7994 13498 506 80 attracted
8608 13502 302 76 much
9000 13502 506 85 attention
9591 13521 128 66 on
9822 13512 180 80 the

7328 13602 326 76 street
7687 13602 203 76 this
7928 13602 491 99 morning
8457 13602 198 80 and
8693 13602 246 104 they
8976 13625 180 57 are
9227 13625 241 61 sure
9501 13616 104 71 to
9647 13611 260 80 have
9945 13635 57 57 a

7328 13696 288 99 large
7658 13701 317 80 house
8003 13706 506 99 to-night.
8617 13701 260 99 Why
8920 13724 85 57 is
9047 13710 80 76 it
9156 13706 227 80 that
9416 13729 189 61 our
9638 13715 364 109 people

7328 13800 265 80 flock
7630 13814 104 66 to
7767 13805 213 76 this
8013 13805 269 94 style
8315 13805 109 76 of
8457 13814 647 71 amusement
9142 13809 198 80 and
9383 13809 255 90 have
9680 13833 113 61 so
9827 13814 118 90 fU-

7328 13909 146 71 tle
7512 13909 260 76 taste
7805 13904 161 80 for
8003 13928 189 76 any
8216 13904 298 99 thing
8551 13913 104 76 of
8693 13932 128 57 an
8868 13913 524 94 elevating
9449 13913 491 104 tendency
9964 13923 33 76 ?

7427 14003 217 85 The
7682 14008 454 80 decision
8183 14008 104 80 of
8324 14008 340 94 Judge
8702 14008 411 104 Parkes,
9156 14013 104 80 of
9298 14013 180 85 the
9515 14017 487 99 Supieme

7332 14102 345 109 Court,
7715 14112 222 76 that
7970 14112 180 76 the
8192 14112 293 80 black
8565 14112 359 80 ballots
8962 14117 255 76 used
9255 14117 128 99 by
9420 14121 180 76 the
9666 14121 265 80 demo-

7328 14220 298 85 crats,
7706 14216 104 71 at
7838 14211 250 80 New
8159 14211 397 99 Haven,
8622 14220 104 71 in
8769 14216 170 76 the
9000 14220 203 76 late
9279 14220 208 99 city
9562 14220 430 80 election

7337 14329 175 61 are
7587 14310 359 99 illegal
7989 14315 180 76 has
8239 14315 373 80 caused
8650 14334 52 61 a
8745 14324 293 94 great
9109 14324 180 76 sth
9369 14324 633 99 throughout

7332 14414 180 76 tne
7550 14424 288 71 state.
7965 14414 90 80 It
8126 14414 90 80 is
8249 14414 487 85 rumored
8802 14419 227 80 that
9099 14443 123 61 an
9265 14424 302 80 effort
9609 14428 90 76 is
9737 14433 104 71 to
9883 14428 118 76 be

7337 14513 298 80 made
7672 14523 99 71 to
7809 14513 340 85 obtain
8192 14537 57 57 a
8291 14518 208 80 like
8528 14523 463 76 decision
9028 14528 406 94 against
9468 14532 175 71 tne
9671 14532 331 76 whole

7337 14617 260 76 state
7635 14613 354 99 tiiket,
8027 14622 241 71 thus
8310 14617 369 104 giving
8735 14622 180 80 the
8953 14627 510 99 principal
9506 14636 255 76 state
9798 14631 165 80 offi-

7342 14735 170 57 ces
7550 14721 104 76 to
7696 14721 175 80 the
7913 14721 591 99 republican
8551 14735 326 85 parly.
8934 14726 213 85 The
9189 14726 326 85 better
9557 14731 444 80 element

7337 14820 104 76 of
7493 14820 548 99 thepaity,
8088 14820 302 80 much
8443 14830 109 76 to
8589 14830 269 80 their
8915 14830 359 99 credit,
9317 14854 180 80 say
9539 14835 76 80 it
9666 14835 335 80 would

7337 14924 180 76 not
7550 14920 128 80 be
7739 14924 288 99 right
8060 14934 109 71 to
8202 14934 156 71 set
8428 14929 283 80 aside
8745 14934 180 80 the
8967 14934 208 76 will
9250 14934 104 80 of
9392 14943 175 71 the
9638 14943 364 94 people

7342 15024 128 94 by
7512 15028 246 71 such
7800 15028 373 76 action.
8282 15028 213 76 The
8523 15038 491 90 counting
9052 15038 104 76 in
9189 15038 104 76 of
9331 15038 151 76 Mr
9524 15033 335 104 Hayes
9893 15057 113 61 as

7337 15118 553 109 Presipent
7956 15128 203 76 and
8230 15132 132 76 its
8433 15132 298 80 effect
8802 15151 274 85 upon
9165 15142 180 80 the
9411 15151 425 94 country
9912 15137 90 85 is

7346 15227 213 76 still
7630 15227 283 80 iresh
7956 15227 104 85 in
8112 15231 180 80 the
8324 15246 468 99 memory
8820 15241 109 80 of
9005 15241 132 80 all
9170 15246 208 80 and
9416 15246 175 80 the
9666 15246 331 80 lesson

7342 15326 250 80 than
7635 15335 392 94 taught,
8069 15335 180 80 the
8282 15345 298 90 party
8622 15340 402 85 leaders
9094 15364 184 61 can
9317 15354 184 76 not
9539 15350 317 76 afford
9898 15354 104 71 to

7346 15430 340 104 forget
7720 15435 113 99 it,
7876 15435 80 76 if
7994 15435 241 99 they
8282 15439 335 76 would
8660 15458 298 85 carry
8991 15449 184 76 the
9213 15454 265 76 state
9529 15472 104 57 in
9676 15454 222 80 1884.

8003 15690 794 85 Worchester
8872 15694 458 80 tetter.

7483 15827 704 128 Worcester,
8239 15836 373 123 Mass.,
8702 15836 213 99 Jan
9014 15841 90 94 1.
9118 15836 359 104 —The
9567 15836 425 137 holiday

7346 15954 562 90 festivities
7980 15983 175 66 are
8230 15969 534 104 gradually
8811 15969 477 104 tapering
9359 15969 165 104 off,
9567 15973 198 85 and
9822 15978 175 85 the

7356 16068 354 80 extent
7786 16072 194 76 and
8031 16072 397 94 variety
8466 16072 104 76 of
8641 16077 283 76 them
8972 16077 213 76 will
9231 16096 468 76 compare
9746 16087 246 71 witn

7351 16186 198 76 any
7644 16172 567 94 preceding
8301 16191 246 76 year
8622 16172 104 76 in
8806 16191 175 80 my
9052 16176 685 94 recollection,
9784 16181 213 76 still

7356 16261 180 85 the
7578 16266 198 80 end
7847 16271 90 80 is
8008 16276 180 76 not
8258 16280 203 94 yet.
8532 16290 113 66 as
8726 16271 47 80 I
8854 16294 161 61 am
9085 16276 520 90 informed
9643 16276 354 94 Mount

7351 16365 66 85 Z
7465 16389 128 71 on
7635 16370 751 109 Commandery
8424 16380 146 85 No
8627 16380 76 94 5,
8754 16380 449 104 Knights
9236 16384 510 104 Templar,
9789 16389 208 80 will

7356 16474 246 94 give
7639 16493 57 57 a
7739 16479 326 94 grand
8102 16483 354 76 “Blow
8528 16483 236 76 out’’
8839 16493 104 71 at
9005 16488 175 76 the
9255 16488 411 80 Ketorm
9742 16493 255 80 Club

7351 16573 265 90 Hall,
7654 16573 274 85 Main
7970 16583 340 90 street,
8367 16583 463 109 January
8868 16583 99 85 18
8976 16587 137 104 th,
9180 16587 180 85 the
9430 16592 510 85 entertain-

7351 16682 283 80 ment
7668 16687 99 76 to
7809 16687 378 80 consist
8225 16687 109 80 of
8367 16687 534 90 addresses
8976 16696 123 99 by
9146 16696 175 80 the
9359 16691 231 90 Past
9633 16696 345 90 Grand

7351 16781 406 99 Deputy
7791 16791 109 71 of
7970 16791 175 76 the
8178 16791 345 80 Grand
8565 16795 746 94 Encampment
9350 16800 104 71 of
9520 16805 170 71 the
9746 16805 241 76 New

7346 16880 477 99 England
7880 16885 350 80 States.
8391 16885 208 80 Bro
8683 16894 359 94 Smith,
9132 16894 104 76 of
9326 16894 666 99 Providence,

7346 16980 217 80 also
7602 16984 657 85 commander
8296 16984 265 90 Chas
8622 16989 302 109 Mero,
9005 16994 198 85 and
9274 16998 298 85 other
9643 17003 350 90 Grand

7346 17083 430 99 officers,
7814 17093 477 99 together
8324 17093 246 80 with
8613 17102 288 76 vocal
8981 17102 208 80 and
9260 17102 728 90 instrumental

7356 17187 364 76 music.
7791 17192 156 76 On
8017 17192 203 76 this
8258 17197 472 76 occasion
8787 17202 180 80 the
9009 17202 506 80 excelisor
9553 17216 444 85 quartett

7356 17282 203 80 will
7602 17291 373 80 render
8013 17310 57 61 a
8107 17291 198 80 few
8367 17296 354 85 choice
8745 17301 576 104 selections,
9364 17306 260 85 after
9657 17310 335 85 which

7346 17405 57 61 a
7441 17395 624 90 promenade
8102 17405 411 76 concert
8556 17405 265 80 until
8891 17405 369 85 eleven
9331 17424 90 71 p.
9487 17428 104 66 m.
9699 17414 283 90 Then

7346 17490 444 104 dancing
7833 17504 213 76 will
8088 17499 118 80 be
8244 17504 104 76 in
8424 17509 331 80 order.
8877 17509 217 80 The
9161 17513 373 99 turkey
9609 17537 378 80 supper

7346 17594 90 76 is
7488 17594 213 80 also
7739 17617 128 57 an
7942 17617 146 61 im
8164 17608 345 76 ortant
8575 17603 425 85 feature.
9109 17613 213 80 The
9387 17617 321 80 music
9784 17627 208 76 will

7346 17693 123 80 be
7507 17698 326 80 under
7866 17702 180 80 the
8083 17702 501 85 direction
8655 17712 99 80 of
8835 17707 265 85 Prof.
9175 17717 118 80 D.
9369 17717 628 104 T.,Osweirs

7342 17802 553 80 orchestra.
8102 17806 213 76 The
8386 17811 326 80 ladies
8783 17816 217 76 will
9061 17820 676 85 superintend
9813 17830 180 76 the

7342 17910 416 90 supper,
7833 17906 515 85 members
8443 17915 572 104 appearing
9099 17915 104 80 in
9326 17920 189 80 full
9576 17924 411 99 regalia.

7346 17995 619 94 Committee
8022 18009 104 85 of
8192 18028 817 90 arrangements,
9052 18024 104 80 C.
9203 18024 109 85 E.
9354 18024 137 80 W.
9534 18028 302 94 Mero,
9883 18033 99 80 P.

7342 18104 217 99 E.f]
7644 18113 562 94 chairman,
8287 18113 406 85 Keuben
8769 18123 496 94 Jackson;
9420 18128 510 85 Generalis-

7342 18217 293 80 simo,
7672 18208 94 76 J.
7814 18208 109 76 B.
7961 18213 345 90 Quow,
8348 18213 250 80 Wm.
8646 18217 387 99 Bastic;
9109 18222 250 85 floor
9402 18246 586 71 managers,

7342 18298 109 85 K.
7488 18302 482 104 Jackson,
8008 18312 104 85 K.
8159 18312 109 90 B.
8310 18312 496 94 Hazzard.

7441 18444 151 85 On
7682 18449 175 85 the
7951 18458 449 99 evening
8518 18463 104 76 of
8717 18463 213 80 Dec
8991 18468 217 80 27th
9298 18472 213 94 ult.,
9609 18482 109 71 at
9817 18477 170 76 the

7342 18553 534 76 residence
7909 18553 109 76 of
8041 18553 156 76 Mr
8230 18562 203 66 and
8471 18562 208 71 Mrs
8717 18567 312 71 Amos
9057 18567 439 80 Jackson
9534 18586 128 66 on
9694 18572 222 80 New-

7342 18638 265 104 burg
7677 18652 345 94 street,
8065 18666 213 66 was
8315 18671 52 61 a
8447 18652 562 90 handsome
9085 18661 562 90 Christmas
9737 18676 246 80 tree.

7346 18746 85 76 A
7465 18742 198 85 few
7706 18746 397 90 invited
8187 18756 402 85 friends
8665 18756 307 104 being
9038 18784 449 90 present,
9543 18775 198 80 and
9813 18780 175 76 the

7342 18850 454 99 evening
7866 18874 208 57 was
8145 18855 439 99 enjoyed
8650 18883 260 80 very
8981 18879 614 94 pleasantly.
9666 18879 321 76 Music

7342 18950 213 80 also
7597 18969 203 61 was
7833 18950 732 104 Interspersed.
8627 18964 406 109 Among
9066 18973 180 80 the
9279 18973 387 85 friends
9709 18997 279 80 pres,

7342 19063 180 66 ent
7559 19072 269 61 were
7866 19054 156 80 Mr
8055 19063 208 80 and
8301 19063 208 80 Mrs
8542 19068 118 85 D.
8707 19072 378 80 Aswell
9123 19077 198 80 and
9402 19082 387 99 family,
9831 19082 156 80 Mr

7342 19153 198 80 and
7606 19157 203 80 Mrs
7885 19162 222 80 Wm
8187 19167 109 76 B.
8334 19167 454 85 Steamer
8820 19176 208 76 and
9094 19176 397 109 family,
9529 19186 146 80 Mr
9713 19186 203 76 Ken-

7342 19257 288 99 nard,
7668 19261 246 80 Miss
7951 19261 279 85 Lena
8268 19266 520 99 Kennard,
8830 19276 156 80 Mr
9014 19280 198 80 and
9255 19285 203 80 Mrs
9496 19285 99 80 R.
9638 19257 104 113 J.
9794 19285 128 85 Ed-

7342 19365 364 85 wards.
7819 19370 80 80 A
7942 19375 345 99 pretty
8329 19375 317 85 silver
8688 19380 246 85 cake
9009 19384 354 90 basket
9406 19413 203 61 was
9666 19394 312 99 given

7346 19483 99 57 ,o
7507 19469 203 76 Mrs
7753 19469 472 104 Jacksen,
8268 19474 784 104 Snakespeare’s
9085 19493 335 80 works
9454 19498 524 90 complete,

7342 19564 156 76 Mr
7535 19573 312 71 Amos
7885 19564 496 113 Jackson;
8419 19578 146 80 W.
8608 19578 104 76 B.
8773 19583 458 80 Steamer
9269 19592 213 85 also
9520 19592 392 80 reeeiev-

7342 19663 123 76 ed
7507 19677 57 66 a
7602 19663 562 90 handsome
8206 19677 444 99 present,
8702 19682 331 80 which
9076 19706 255 80 your
9364 19710 543 80 correspon-

7342 19762 246 80 dent
7620 19767 175 85 did
7852 19776 170 80 not
8055 19795 213 61 see.
8376 19776 293 85 After
8707 19786 180 80 the
8924 19786 709 90 distributions
9671 19795 104 76 of
9813 19795 175 80 the

7337 19876 472 80 presents
7852 19876 170 76 the
8102 19876 595 99 gentlemen
8769 19890 383 76 retired
9217 19894 104 76 to
9397 19894 378 94 smoke,
9813 19894 175 80 the

7342 19965 326 80 ladies
7739 19975 104 76 to
7909 19975 184 80 the
8169 19975 335 99 piano.
8584 19980 123 85 Of
8783 20003 359 71 course
9184 19989 175 85 the
9402 19998 293 80 inner
9732 20013 231 61 man

7342 20088 208 57 was
7597 20074 222 80 well
7866 20074 496 128 satisfied;
8391 20083 265 80 after
8688 20088 487 109 smoking
9203 20098 175 80 the
9402 20098 576 104 gentlemen

7342 20169 458 94 rejoined
7899 20178 175 80 the
8145 20183 350 80 ladies.
8603 20187 326 85 Music
9000 20197 203 76 and
9274 20202 709 76 conversation

7346 20287 208 61 was
7597 20272 491 94 indulged
8131 20301 99 61 in
8310 20287 265 76 until
8617 20310 57 57 a
8712 20291 203 80 late
8986 20296 288 99 hour,
9331 20310 283 71 when
9657 20301 137 76 all
9836 20320 99 57 re-

7337 20372 265 80 tired
7668 20376 506 104 thinking
8239 20386 109 76 of
8433 20386 175 80 the
8698 20395 468 90 pleasant
9198 20400 255 80 time
9506 20405 246 85 they
9789 20400 194 76 had

7337 20476 326 85 spent.
7776 20476 217 80 The
8060 20480 836 85 Sabbath-school
8967 20494 109 76 of
9146 20494 354 85 Bethel
9576 20499 402 76 Church

7342 20565 246 85 held
7625 20589 57 61 a
7720 20589 255 90 very
8050 20584 557 80 successful
8683 20589 798 94 entertainment
9524 20598 458 104 Tuesday

7332 20674 454 104 evening
7824 20683 104 80 in
7970 20683 175 80 the
8187 20707 227 80 way
8452 20688 104 85 of
8589 20707 61 66 a
8721 20693 576 85 Christmas
9331 20707 246 90 tree,
9624 20707 175 76 the
9831 20707 118 71 lit-

7337 20778 142 76 tie
7512 20778 274 76 folks
7828 20787 439 90 enjoyed
8296 20797 633 76 themselves
9000 20802 416 94 hugely.
9529 20806 392 71 Custom-

7332 20887 170 57 ers
7569 20882 180 71 not
7828 20887 359 90 yearly
8244 20882 666 109 subscribers,
8953 20896 213 76 will
9255 20906 345 85 please
9680 20896 307 80 remit

7328 20986 260 66 once
7625 20991 57 66 a
7753 20981 387 76 month.

7460 21350 491 137 Hudson,
8008 21364 208 109 Jan
8263 21364 548 113 2.—Your
8887 21387 808 123 correspondent
9775 21387 208 99 and

7328 21496 420 80 patrons
7786 21496 104 71 of
7961 21496 241 76 The
8268 21501 397 94 Globe,
8712 21510 109 71 in
8896 21510 213 76 this
9189 21520 458 99 vicinity,
9728 21520 255 76 send

7323 21586 241 76 The
7602 21586 364 80 Globe
8046 21609 61 61 a
8140 21595 572 85 Christmas
8778 21609 477 109 greeting
9288 21624 194 76 and
9520 21619 250 80 wish
9846 21628 132 71 ail

7323 21699 61 61 a
7422 21685 340 104 happy
7800 21690 241 85 New
8117 21694 283 90 Year.
8523 21699 47 85 1
8613 21709 265 80 have
8939 21713 246 80 been
9265 21723 543 94 requested
9879 21728 99 76 to

7337 21798 326 80 write,
7710 21794 170 94 (by
7923 21817 61 57 a
8022 21798 283 99 large
8348 21803 439 80 number
8820 21808 109 76 of
8962 21817 364 94 people
9373 21822 317 94 here),
9761 21822 222 76 that

7323 21898 454 80 parents,
7824 21898 557 94 gaurdians
8438 21902 203 76 and
8674 21907 180 80 the
8896 21912 364 94 public,
9307 21940 170 66 are
9515 21917 321 90 called
9879 21921 99 76 to

7323 21987 175 85 the
7564 21987 534 109 follewing
8169 22006 307 76 iacts:
8551 22006 217 80 that
8835 22030 61 61 a
8934 22020 439 85 truthful
9444 22030 373 94 charge
9874 22025 104 80 of

7323 22106 250 80 rape
7611 22096 198 76 and
7852 22101 524 76 seduction
8457 22106 184 80 has
8679 22110 250 80 been
8976 22120 524 90 preferred
9576 22129 402 85 against

7323 22186 312 80 Elder
7724 22195 340 80 Simon
8145 22200 109 80 F.
8301 22200 482 94 Dickson,
8820 22214 109 76 of
9000 22219 175 76 the
9213 22228 113 76 A.
9369 22224 94 80 M
9553 22228 104 76 E.
9732 22219 246 80 Zion

7323 22294 638 99 connection,
8065 22299 113 85 of
8249 22299 180 85 the
8499 22309 496 90 northern
9090 22318 406 94 district
9562 22328 104 80 of
9732 22328 241 80 New

7332 22398 293 76 York.
7724 22398 156 80 He
7918 22422 208 61 was
8169 22408 439 99 brought
8674 22417 104 71 to
8816 22436 61 57 a
8915 22431 373 85 partial
9331 22431 231 76 trial
9605 22431 123 90 by
9803 22431 175 71 the

7323 22498 411 76 ehurch.
7843 22498 213 80 The
8145 22507 449 71 victim’s
8669 22517 104 85 (a
8811 22531 283 66 mere
9165 22521 250 94 girl)
9487 22526 491 80 evidence

7318 22606 213 61 was
7602 22592 628 104 immutable,
8301 22611 718 80 nevertheless
9118 22620 180 80 the
9373 22620 600 85 ministerial

7318 22691 293 76 cloak
7649 22696 104 76 of
7824 22710 175 66 not
8036 22706 331 90 guilty
8409 22724 208 57 was
8688 22710 402 85 thrown
9165 22739 250 66 over
9454 22729 156 80 his
9685 22724 288 80 head,

7318 22791 435 104 thereby
7791 22805 496 94 covering
8334 22819 132 80 up
8509 22805 161 80 his
8712 22809 274 104 dirty
9028 22819 203 80 and
9269 22828 350 80 shame
9685 22819 293 80 faced

7323 22899 397 76 actions
7762 22894 104 80 of
7904 22899 666 104 immorality,
8613 22904 128 104 by
8778 22909 180 90 the
9005 22918 213 90 bias
9260 22928 581 90 committee
9874 22923 104 85 of

7318 22989 326 94 three.
7809 22998 213 90 The
8093 23008 350 99 public
8504 23008 94 85 is
8665 23022 543 94 cautioned
9274 23041 397 90 against
9761 23031 217 85 him

7318 23098 548 90 wherever
7909 23112 128 76 he
8079 23131 236 76 may
8362 23117 118 76 be
8518 23121 539 85 stationed.

7417 23197 241 85 Last
7696 23211 454 99 evening
8178 23211 298 80 there
8513 23220 572 85 assembled
9118 23235 302 80 atthe
9454 23235 524 80 residence

8150 3737 496 99 Albany
8693 3737 468 85 Letter.

8069 9246 633 85 Hartford
8783 9246 472 85 Letter.

8381 21231 562 76 Hudson.

10157 987 109 71 of
10304 983 156 76 Mr
10498 983 449 76 William
10989 987 222 76 Pell
11239 1002 61 61 a
11334 987 203 76 few
11575 987 109 76 of
11717 987 180 76 the
11939 992 402 90 “upper
12373 978 487 80 tendom”

10167 1082 255 80 with
10493 1082 175 85 the
10720 1082 515 85 intention
11315 1101 104 66 io
11457 1082 581 90 celebrated
12113 1087 241 80 New
12416 1077 265 90 Year
12756 1082 104 85 in

10157 1186 180 80 the
10413 1191 269 76 most
10748 1186 529 104 approved
11357 1186 298 85 form.
11764 1191 430 85 Various
12236 1209 354 80 games
12657 1191 203 80 and

10157 1294 307 71 other
10550 1290 350 76 modes
10970 1290 109 76 of
11150 1299 600 85 enjoyment
11825 1313 274 57 were
12170 1290 501 94 indulged
12751 1290 109 76 in

10162 1384 269 76 until
10479 1403 496 76 suppear;
11046 1384 265 80 after
11353 1389 557 99 partaking
11943 1384 109 80 of
12118 1389 175 76 the
12340 1384 468 99 hospitali-

10162 1488 198 76 ties
10436 1479 104 85 of
10578 1488 180 76 the
10828 1488 350 99 house,
11220 1483 175 85 the
11443 1493 302 99 guest
11811 1488 501 99 departed
12345 1483 161 85 for
12581 1483 279 85 their

10172 1587 420 80 various
10611 1592 402 85 ■'abode.
11216 1587 213 80 Mrs
11499 1592 340 85 Annie
11906 1592 340 85 White
12317 1592 198 80 and
12595 1592 265 80 little

10172 1691 520 90 daughter
10724 1701 302 85 spent
11069 1691 241 76 New
11353 1691 260 76 Year
11655 1701 94 71 at
11792 1701 524 80 Armenia,
12364 1691 250 76 with
12647 1691 213 76 Mrs

10167 1786 430 80 White’s
10672 1791 435 80 mother.
11249 1791 208 76 Mrs
11528 1791 406 99 George
12000 1791 288 99 Levy
12364 1791 496 85 returned

10162 1890 269 76 from
10512 1890 175 80 the
10724 1904 255 85 east,
11027 1890 345 80 where
11443 1890 184 80 she
11669 1894 184 80 has
11924 1894 255 80 been
12227 1894 510 99 spending
12798 1913 61 61 a

10167 1989 198 80 few
10413 1989 345 80 weeks
10795 2013 128 57 on
10970 1989 534 99 Thursday
11546 1994 222 80 last.
11882 1998 194 76 Eli
12113 1998 109 80 F.
12260 2003 491 76 Simpson.

10961 2225 553 85 Newark
11589 2230 468 80 Letter.

10299 2357 534 123 Newark,
10885 2362 213 104 Jan
11150 2362 439 123 1,1883.
11598 2362 260 104 —In
11962 2362 454 137 keeping
12463 2372 109 104 of
12661 2372 180 104 the

10172 2499 406 71 custom
10620 2513 307 76 many
10970 2513 430 76 persons
11438 2494 501 104 gathered
11991 2504 109 71 at
12165 2499 180 80 the
12420 2504 420 85 various

10172 2589 510 80 churches
10720 2598 203 71 last
10956 2594 406 99 Sunday
11405 2598 307 94 night
11778 2598 104 80 to
11957 2603 402 76 “watch
12420 2608 180 76 the
12666 2613 170 76 old

10172 2707 250 71 year
10455 2698 175 66 out
10672 2693 198 80 and
10942 2698 180 71 the
11187 2712 231 57 new
11494 2712 250 76 year
11816 2693 203 76 in.”
12123 2698 217 80 The
12378 2702 458 80 services

10172 2787 340 71 which
10559 2806 274 61 were
10866 2792 137 76 ail
11079 2792 236 76 well
11405 2787 572 80 conducted
12047 2811 274 66 were
12402 2792 425 90 divided

10167 2882 222 85 into
10417 2882 298 90 three
10753 2891 317 99 parts,
11140 2891 600 109 preaching,
11811 2910 411 90 prayer,
12293 2901 208 90 and
12572 2901 269 90 class

10172 2991 496 104 meeting.
10772 2995 217 85 The
11031 3000 317 80 house
11381 3000 109 80 of
11537 3000 213 80 God
11802 3024 203 57 was
12047 3009 539 94 respected
12633 3014 203 80 and

10172 3113 312 76 many
10531 3104 274 71 went
10847 3099 298 76 down
11187 3104 298 76 there
11523 3104 269 76 from
11839 3104 246 76 with
12137 3109 279 71 their
12491 3113 345 76 minds

10172 3189 345 80 intent
10550 3213 132 57 on
10729 3194 326 80 better
11098 3198 647 80 resolutions.
11858 3198 359 80 Please
12279 3203 335 85 insert
12657 3213 180 80 the

10172 3288 543 109 following
10786 3293 472 109 clipping
11329 3298 161 80 for
11561 3302 180 80 the
11802 3302 487 99 pleasure
12359 3312 104 80 of
12524 3331 317 85 many

10162 3392 444 85 Newark
10649 3402 425 76 readers
11112 3406 104 76 ot
11291 3402 241 76 The
11589 3402 402 85 Globe.

10271 3496 231 71 “All
10540 3501 718 90 promenade,”
11291 3520 279 61 were
11594 3510 175 66 the
11806 3506 335 76 words
12170 3506 217 80 that
12420 3515 416 90 greeted

10172 3591 175 80 the
10389 3609 227 61 ears
10649 3595 109 80 of
10791 3614 57 61 a
10880 3600 477 99 Register
11395 3609 472 80 reporter
11924 3619 109 61 as
12113 3605 123 80 he
12312 3609 373 80 looked
12728 3614 109 80 in

10167 3694 109 76 at
10313 3694 373 94 Apollo
10729 3699 227 80 Hall
10994 3718 132 61 on
11178 3699 175 80 the
11386 3699 94 80 J.
11523 3704 123 76 M.
11731 3699 387 85 Baxter
12189 3709 647 90 Association

10172 3794 203 80 late
10417 3798 194 76 last
10649 3817 260 61 even
10965 3822 170 80 ng,
11178 3803 198 76 and
11424 3813 99 71 to
11561 3822 61 57 a
11679 3803 402 99 “lively
12123 3813 543 80 measare”
12709 3817 128 104 by

10172 3893 274 80 Voss’
10493 3902 562 94 orchestra,
11102 3902 175 80 the
11315 3907 543 80 command
11906 3926 208 61 was
12189 3917 397 80 carried
12666 3931 170 71 out

10167 4002 109 76 to
10309 4002 180 76 the
10526 4002 335 99 letter,
10913 4006 246 80 with
11235 4025 57 57 a
11367 4025 302 80 grace
11750 4011 194 76 and
12028 4020 543 76 execution
12619 4025 217 76 that

10172 4101 340 76 would
10559 4101 255 80 have
10861 4106 265 76 done
11169 4115 331 66 credit
11537 4110 104 71 to
11702 4129 198 76 any
11939 4110 208 76 ball
12189 4134 283 57 room
12515 4115 99 76 in
12666 4124 170 76 the

10172 4195 274 80 land.
10554 4200 506 99 Glancing
11102 4205 302 76 about
11438 4209 184 71 the
11688 4224 288 57 room
12047 4214 180 76 the
12302 4214 534 99 following

10172 4294 463 80 familiar
10668 4299 279 80 faces
10989 4323 269 57 were
11334 4323 293 61 seen:
11702 4304 156 80 Mr
11934 4309 198 80 and
12208 4309 241 80 Mrs.
12539 4313 94 80 J.
12699 4313 137 85 M.

10172 4398 420 80 Baxter.
10635 4398 156 80 Mr
10861 4403 198 85 and
11135 4403 208 80 Mrs
11419 4403 425 85 Charles
11915 4403 425 99 Nevins,
12402 4413 161 80 Mr
12633 4422 203 80 and

10172 4493 208 85 Mrs
10422 4498 90 80 H
10550 4498 350 104 Jones,
10937 4507 161 76 Mr
11135 4507 198 76 and
11391 4502 208 85 Mrs
11636 4507 90 85 J.
11769 4507 387 99 Henry,
12198 4512 151 80 Mr
12392 4517 198 80 and
12633 4521 203 80 Mrs

10167 4597 350 80 James
10554 4602 435 99 Grant,-t
11013 4611 118 71 he
11169 4606 364 76 Misses
11570 4611 288 76 Sears
11896 4616 203 76 and
12123 4616 444 99 Stanley.
12595 4620 241 80 Miss

10167 4696 335 80 Nellie
10545 4701 378 94 Mason,
10975 4706 236 76 Miss
11254 4710 581 99 Francisco,
11887 4710 213 80 Mrs
12170 4715 340 94 Ricks,
12591 4715 246 90 Miss

10172 4800 369 94 Bland,
10583 4809 236 71 Miss
10861 4800 283 104 Bird,
11225 4809 241 80 Miss
11537 4809 350 94 Wells,
11957 4814 246 80 Miss
12288 4819 109 80 F.
12482 4824 350 99 Jones,

10172 4899 246 80 Miss
10455 4904 647 99 Humphrey,
11145 4909 246 80 Miss
11438 4913 288 80 Alice
11769 4913 288 80 Lenn
12099 4923 94 76 ot
12236 4918 241 80 New
12534 4923 302 99 York,

10172 5003 250 76 Miss
10460 5003 298 99 Betty
10805 5008 359 80 Harris
11220 5013 104 76 of
11395 5013 241 76 New
11721 5013 298 94 York,
12099 5017 250 76 Miss
12425 5022 411 99 Salters,

10172 5102 250 76 Miss
10460 5102 496 99 Hartless,
10998 5112 246 76 Miss
11282 5112 335 76 Annie
11655 5112 246 99 Ray,
11948 5117 312 76 Alvin
12302 5117 529 99 Ray,John

10172 5197 529 104 Manning,
10776 5206 534 80 Theodore
11400 5202 458 109 Roberts,
11929 5216 94 80 J.
12118 5216 335 104 Harry
12539 5225 255 85 Ellis

10172 5301 444 80 Richard
10682 5301 354 109 White,
11117 5310 449 80 William
11646 5315 213 85 Van
11957 5315 345 104 Blake,
12378 5324 449 90 William

10172 5405 444 99 DeKalb,
10663 5409 340 99 Henry
11055 5409 496 99 Johnson,
11598 5424 439 76 Andrew
12090 5424 383 99 Lo<an,
12520 5428 307 99 Jarry

10172 5504 378 99 Evans,
10597 5509 208 80 Mrs
10847 5518 397 94 George
11287 5513 477 104 Phillips,
11825 5523 109 76 E.
12005 5523 113 76 T.
12161 5518 369 104 White,
12576 5532 104 76 F.
12723 5537 113 76 F.

10172 5603 449 104 Nichols,
10682 5613 61 80 J
10786 5613 90 76 H
10961 5613 449 99 Gordon,
11490 5622 85 71 A
11646 5617 80 85 N
11820 5622 548 104 Mclntyre,
12444 5631 387 104 Joseph

10172 5702 477 109 Jackson,
10696 5712 350 85 James
11102 5717 113 80 B.
11296 5726 652 99 Armstrong,
12024 5726 109 85 R.
12217 5726 142 85 W.
12435 5731 392 104 Harris,

10172 5811 274 76 John
10488 5811 449 104 Noryck,
10975 5820 113 71 A.
11164 5820 600 94 Treadwell,
11844 5835 402 90 George
12317 5835 510 99 Stockton,

10172 5906 76 76 F
10290 5910 90 76 H
10422 5910 439 99 Carnell,
10928 5915 397 99 Joseph
11381 5915 246 99 Cox,
11674 5924 420 85 Charles
12165 5929 350 104 Hicks,
12557 5934 279 85 John

10172 6005 123 85 H.
10328 6009 420 104 O’Fake,
10791 6019 198 80 and
11031 6038 307 80 many
11381 6033 383 71 others.

10271 6113 90 76 It
10398 6132 208 61 was
10644 6118 180 80 the
10861 6118 227 80 first
11154 6123 383 80 annual
11603 6132 529 94 reception
12208 6132 203 80 and
12482 6137 198 80 ball
12723 6142 104 80 of

10172 6213 477 80 theJ.M.
10720 6222 383 80 Baxter
11178 6231 671 94 Association,
11929 6255 128 57 an
12113 6236 713 99 organization

10172 6321 643 99 comprising
10857 6345 57 52 a
10951 6326 435 76 number
11424 6331 104 76 of
11561 6335 180 71 the
11783 6335 217 76 tirst
12038 6354 345 80 young
12425 6345 411 80 colored

10176 6425 591 85 gentlemen
10795 6425 104 76 of
10932 6420 472 104 Newaik,
11447 6435 198 76 and
11683 6435 175 76 the
11896 6435 151 80 air
12076 6439 104 76 of
12222 6439 614 85 refinement

10172 6520 222 76 that
10436 6524 652 76 surrounded
11126 6524 170 85 the
11334 6548 468 66 occasion
11877 6539 217 76 told
12170 6543 387 99 plainly
12614 6548 222 80 that

10172 6614 85 80 it
10294 6624 90 76 is
10422 6633 180 66 not
10639 6628 387 94 always
11060 6628 165 76 for
11296 6638 293 76 those
11636 6638 255 99 who,
11939 6643 118 94 by
12104 6643 302 94 birth,
12454 6652 378 80 wealth

10172 6737 118 61 or
10332 6723 534 80 education
10913 6746 175 66 are
11117 6732 506 85 admitted
11660 6746 104 71 to
11806 6756 406 85 genteel
12255 6746 430 109 society,
12728 6761 104 76 to

10176 6827 302 76 claim
10526 6831 222 80 that
10786 6831 307 80 “thus
11135 6836 156 76 far
11334 6841 265 80 shall
11665 6855 354 71 others
12094 6865 288 66 come
12454 6860 203 71 and
12699 6879 132 57 no

10172 6926 496 85 farther.”
10772 6931 340 80 Never
11183 6935 189 80 has
11438 6964 61 57 a
11570 6945 435 80 merrier
12076 6959 302 90 party
12439 6954 392 80 danced

10172 7044 279 80 upon
10488 7035 180 76 the
10701 7030 250 80 floor
10989 7039 99 71 ot
11131 7039 369 94 Apollo
11532 7030 283 104 Hall;
11858 7068 321 57 never
12213 7054 180 76 has
12420 7068 61 66 a
12515 7058 317 76 social

10172 7134 510 99 assembly
10729 7139 104 71 in
10880 7134 208 80 tins
11126 7143 274 71 town
11457 7143 520 94 produced
12014 7167 57 61 a
12113 7157 345 94 larger
12529 7176 227 57 num-

10181 7233 175 76 ber
10389 7233 104 76 of
10545 7238 591 94 gentlemen
11178 7243 203 76 and
11419 7243 321 80 ladies
11778 7266 109 57 in
11957 7252 180 80 the
12208 7266 231 66 nue
12482 7276 279 61 mean-

10172 7332 189 99 ing
10394 7337 104 76 of
10535 7346 175 66 the
10753 7342 576 94 respective
11372 7356 345 71 terms.
11839 7346 217 85 The
12099 7365 728 94 management

10172 7431 109 80 of
10318 7436 175 85 the
10531 7441 439 80 sociable
11013 7465 203 57 was
11258 7450 534 85 entrusted
11868 7465 99 71 to
12038 7460 175 80 the
12293 7465 539 99 following

10176 7545 680 94 committees,
10899 7550 231 76 who
11169 7545 175 80 did
11381 7554 279 76 their
11702 7559 279 76 work
12024 7564 269 90 well,
12335 7569 203 76 and
12595 7587 180 57 con-

10176 7644 543 90 sequently
10762 7649 298 71 made
11126 7663 548 71 everyone
11750 7658 383 94 happy;
12184 7658 302 80 Floor
12567 7682 198 61 com-

10172 7743 567 80 miitee—F.
10786 7739 104 85 F.
10928 7743 449 99 Nichols,
11414 7743 350 90 James
11802 7757 354 99 Grant,
12189 7757 109 85 E.
12335 7762 496 90 T.White.

10176 7843 770 99 Arrangement
10980 7857 756 80 commitee—F.
11778 7857 137 80 H.
11962 7866 293 99 Eilis,
12288 7866 99 80 F.
12435 7871 123 80 H.
12591 7876 184 71 Gor-

10181 7946 236 90 don,
10455 7946 90 76 J.
10597 7946 439 90 Noryck.

10271 8041 217 76 The
10526 8041 383 80 Baxter
10946 8046 85 76 is
11069 8065 61 61 a
11169 8069 231 61 new
11466 8055 312 80 social
11858 8060 231 80 club
12161 8065 203 80 and
12439 8065 85 80 is
12605 8065 175 80 des-

10176 8135 288 90 tined
10502 8154 109 71 to
10635 8145 420 90 become
11098 8173 255 85 very
11395 8164 468 99 popular.
12000 8169 213 85 The
12279 8169 397 85 officers
12732 8169 104 85 of

10176 8258 180 76 the
10394 8258 231 76 club
10654 8277 175 57 are
10852 8258 161 85 ;K.
11060 8258 406 85 Watson
11509 8268 392 94 Harris,
11948 8272 591 94 President;
12576 8277 99 71 F.
12732 8277 99 76 F.

10176 8348 449 94 Nichols,
10672 8353 236 76 Vice
10946 8357 591 90 President;
11617 8367 94 76 J.
11764 8367 71 71 B
11934 8372 643 94 Armstrong,
12624 8372 175 76 Sec

10176 8457 402 90 rotary;
10611 8447 335 85 Alvan
10989 8452 109 94 B,
11159 8457 109 80 K.
11310 8457 246 104 Ray,
11603 8466 591 85 Treasurer.

10937 8863 553 104 Chicago
11551 8872 463 85 Letter.

10313 9000 510 132 Chicago,
10942 9009 217 99 Dec
11249 9014 454 109 26.—At
11835 9019 180 99 the
12104 9019 529 109 residence
12718 9028 113 99 of

10172 9132 156 80 Mr
10370 9132 520 104 Sylvester
10923 9142 113 85 W
11079 9142 335 109 Light,
11466 9165 123 66 an
11627 9146 175 90 old
11849 9146 860 113 Knickerbocker,
12780 9180 52 66 a

10181 9246 586 99 gentleman
10814 9250 231 76 well
11088 9250 369 85 known
11504 9255 104 80 in
11646 9265 170 71 the
11858 9269 198 85 city
12104 9260 104 76 of
12246 9260 241 80 New
12529 9265 298 94 York,

10176 9345 198 76 and
10422 9345 227 76 who
10691 9350 180 76 has
10918 9354 406 71 resided
11367 9354 557 94 inChicago
11967 9359 156 76 for
12161 9359 180 76 the
12378 9373 227 85 past
12633 9369 198 76 two

10176 9458 47 80 y
10252 9458 477 80 ears,was
10767 9468 52 57 a
10861 9454 293 71 small
11197 9454 553 104 gathering
11783 9458 109 76 of
11924 9458 170 80 old
12132 9458 397 85 friends
12567 9458 265 90 from

10176 9543 175 85 the
10389 9553 222 76 east
10644 9567 128 61 on
10847 9548 572 90 Christinas
11490 9567 227 90 day,
11792 9567 104 76 to
11972 9562 506 85 celebrate
12548 9576 85 71 it
12704 9572 123 99 by

10176 9652 553 94 partaking
10762 9652 109 76 of
10923 9676 57 57 a
11013 9657 576 76 Christmas
11627 9666 373 71 dinner
12038 9666 213 71 and
12288 9676 104 66 to
12468 9666 269 80 have
12770 9690 57 57 a

10172 9746 463 94 pleasant
10710 9751 236 76 chat
11013 9770 255 61 over
11343 9761 406 76 eastern
11825 9780 312 66 news.
12222 9765 194 80 etc.
12605 9765 217 85 The

10181 9850 397 80 hostess
10616 9850 208 85 Mrs
10880 9850 312 109 Light
11230 9879 208 66 was
11509 9860 562 109 deserving
12146 9874 288 99 great
12506 9874 326 85 credit

10176 9954 161 80 for
10370 9959 180 76 the
10587 9959 557 80 successful
11225 9987 430 57 manner
11721 9969 94 76 in
11877 9973 331 76 which
12293 9978 175 76 the
12539 9978 293 80 affair

10176 10077 208 52 was
10488 10058 600 94 conducted,
11164 10063 175 80 the
11419 10068 227 76 host
11717 10068 307 99 being
12094 10072 373 76 unable
12520 10082 104 66 to
12694 10077 118 80 be

10172 10162 425 90 present
10649 10176 132 61 on
10857 10172 425 71 account
11353 10162 104 80 of
11551 10176 373 99 urgent
12005 10172 501 85 business.
12609 10176 217 90 The

10176 10257 269 90 table
10479 10261 312 104 fairly
10833 10266 458 99 groaned
11367 10271 326 85 under
11773 10276 170 80 the
12014 10276 392 104 weight
12477 10280 104 80 of
12652 10285 175 80 the

10176 10370 557 76 mammoth
10786 10375 373 90 turkey
11197 10370 203 76 and
11438 10380 180 71 the
11646 10375 543 80 delicacies
12217 10380 104 76 of
12359 10389 180 76 tile
12605 10403 170 61 sea-

10176 10479 180 61 son
10394 10465 198 76 and
10635 10465 180 80 the
10861 10479 350 80 guests
11287 10469 416 80 showed
11773 10474 265 80 their
12118 10488 709 90 appreciation

10181 10559 118 99 by
10346 10564 425 104 making
10857 10564 350 113 things
11282 10569 231 85 look
11594 10578 298 80 small
11967 10578 109 80 in
12151 10592 198 71 Gue
12425 10592 406 76 seasont

10172 10663 411 85 Several
10635 10677 317 71 toasts
11031 10691 274 57 were
11343 10677 369 80 drunk.
11835 10682 411 99 Among
12302 10691 175 71 the
12534 10696 298 85 guest

10172 10776 425 85 present
10639 10791 317 66 were;
10994 10772 184 76 Mi.
11225 10776 288 76 Oscai
11556 10776 633 99 E.Lewis,of
12227 10781 236 80 New
12510 10781 317 94 York;

10167 10857 926 113 Mrslereßeiisen,
11135 10876 477 104 Chicago,
11669 10876 501 113 formerly
12203 10880 260 90 from
12510 10885 113 85 N.
12666 10885 161 109 Y.,

10172 10970 156 85 Mr
10365 10970 411 109 Harvey
10814 10975 487 99 Green,of
11324 10980 241 85 New
11613 10980 321 99 York;
11981 10989 151 80 Mr
12180 10989 359 80 Daniel
12595 10998 231 90 Fry,

10172 11074 241 80 New
10507 11074 312 94 York;
10894 11079 472 80 Thomas.
11494 11083 609 94 Whilliams,
12146 11088 491 99 Chicago;
12676 11079 156 94 Mr

10167 11169 180 80 Jas
10394 11173 123 76 H.
10559 11178 383 76 Elliott,
10989 11178 104 76 of
11145 11178 189 76 San
11376 11178 591 99 Francisco;
12043 11183 161 80 Mr
12260 11187 572 94 Sedgemok

10172 11268 529 90 Jamieson
10814 11277 671 104 telegraphed
11546 11282 161 80 his
11778 11296 378 94 regret,
12231 11291 128 80 he
12435 11291 387 109 having

10176 11376 246 90 been
10469 11381 472 85 detained
10994 11405 128 61 on
11178 11400 430 71 account
11674 11391 109 85 of
11849 11414 132 61 an
12057 11400 468 76 accident
12595 11419 137 61 on
12775 11424 57 61 a

10167 11490 274 76 train
10488 11504 222 61 rom
10748 11490 387 90 Peoria,
11183 11490 165 80 HU

10271 11584 298 80 After
10611 11589 444 99 wishing
11093 11594 175 76 the
11329 11589 387 85 hostess
11759 11613 57 61 a
11858 11613 350 80 merry
12246 11598 581 85 Christmas

10167 11688 203 76 and
10427 11707 61 57 a
10526 11688 340 99 happy
10904 11688 241 80 New
11187 11688 260 80 Year
11485 11693 175 80 the
11698 11702 293 94 guest
12038 11702 491 94 departed
12581 11707 246 76 with

10172 11792 430 99 regrets,
10658 11792 109 76 in
10824 11792 175 80 the
11069 11811 213 66 wee
11357 11802 298 76 small
11735 11806 335 94 hours,
12156 11802 203 85 and
12397 11806 425 85 strolled

10176 11891 302 85 home
10517 11901 109 76 to
10658 11891 354 85 dream
11046 11896 104 80 of
11192 11896 406 104 turkev,
11646 11924 548 85 egg-nogg,
12236 11915 189 76 etc.

10271 12000 156 76 Mr
10465 12000 392 94 Joseph
10894 12000 520 90 Marshall,
11471 12005 175 76 the
11693 12000 444 85 efficient
12194 12009 198 76 and
12463 12009 364 99 highly

10181 12099 520 76 esteemed
10743 12099 671 76 head-waiter
11480 12104 109 71 of
11655 12104 180 76 the
11906 12104 378 76 Leland
12359 12104 331 85 Hotel,
12728 12113 104 76 of

10167 12194 208 80 this
10446 12198 241 94 city,
10757 12213 213 61 wai
11027 12213 255 80 very
11348 12198 576 104 pleasantly
11991 12203 524 99 surpiiied
12581 12208 246 85 New

10172 12293 354 85 Year’s
10573 12307 449 94 evening
11069 12302 118 99 by
11235 12302 175 85 the
11485 12321 345 90 young
11915 12326 231 61 men
12222 12312 109 80 in
12406 12312 161 80 iiis
12614 12331 142 61 em-

10176 12402 279 99 ploy,
10564 12402 236 80 who
10890 12406 548 90 presented
11561 12411 217 76 him
11868 12411 255 80 with
12203 12430 128 61 an
12420 12420 406 90 elegant

10167 12501 510 99 Japanese
10715 12506 156 76 set
10904 12524 113 57 as
11055 12524 57 57 a
11150 12510 586 76 testimonal
11778 12515 104 76 of
11924 12515 269 76 their
12255 12510 373 104 regard
12666 12515 165 80 for

10181 12600 246 85 him.
10545 12605 217 80 The
10833 12609 704 94 presentation
11622 12633 203 61 was
11910 12614 298 85 made
12283 12619 104 80 in
12468 12624 359 80 choice

10172 12704 510 109 language
10724 12709 123 104 by
10890 12713 180 80 Mr.
11112 12713 269 80 John
11424 12713 468 99 Sanders,
11934 12737 128 61 on
12128 12723 340 80 behalf
12510 12723 104 80 of
12657 12723 175 80 the

10172 12831 350 80 young
10583 12836 269 66 men,
10923 12817 203 76 and
11202 12822 477 71 received
11750 12841 57 57 a
11877 12827 236 71 neat
12189 12827 293 94 reply
12557 12827 269 76 from

10172 12912 175 76 the
10446 12917 458 90 grateful
11017 12917 643 94 beneficiary.
11816 12921 217 71 The
12118 12926 331 76 whole
12539 12926 293 76 affair

10167 13011 241 80 took
10483 13011 288 99 place
10838 13020 109 71 at
11003 13016 180 76 the
11254 13016 387 85 Leland
11693 13020 208 80 and
11934 13035 208 66 was
12227 13020 359 104 highly
12666 13044 128 61 en

10172 13115 444 104 enjoyed
10663 13115 118 104 by
10824 13120 137 80 all
10998 13120 713 99 participants.
11972 13124 104 85 P.
12123 13124 605 90 Williams.

10899 13403 1243 99 “BUCIIU-PAIUA.”

10257 13535 312 94 Quick,
10602 13540 435 85 complete
11079 13554 231 66 cure,
11348 13535 118 76 all
11509 13535 435 90 annoying
12005 13535 383 99 Kidney,
12454 13545 359 76 Bladder

10167 13635 170 66 and
10389 13630 369 76 Urinary
10791 13635 435 66 Diseases.
11315 13630 118 71 41.
11471 13625 477 76 Druggists.

10233 13970 43 61 ,
10592 13904 354 123 MRS
11088 13904 161 123 H.
11391 13904 1020 151 LAWRENCE,

10191 14093 798 288 Hair
11192 14098 1620 317 Emporium,

10465 14414 213 76 115
10715 14414 335 76 West
11088 14414 293 76 35th
11428 14414 217 94 St.,
11683 14433 317 57 near
12038 14414 222 80 6th
12307 14433 274 66 ave.

11036 14546 345 104 NEW
11518 14551 449 104 YORK.

10257 14721 194 85 jy
10479 14712 208 76 Hair
10724 14712 411 90 Dressing
11164 14717 161 71 and
11367 14693 605 109 Sllampoolng.
12071 14712 411 90 Crimped
12548 14717 213 71 Hair
12789 14735 47 57 a

10176 14835 468 94 Specialty,
10739 14839 331 76 Ladies’
11112 14844 468 90 Combings
11613 14839 246 76 made
11924 14858 118 71 up
12113 14839 90 76 In
12260 14858 265 71 every
12591 14844 222 90 style

10176 14962 312 71 Orders
10559 14967 118 80 by
10739 14962 208 71 Mail
11013 14967 435 85 promptly
11513 14967 416 71 attended
12014 14972 123 66 to.
12265 14967 572 71 Satisfaction

10172 15080 557 85 guaranteed.

10772 15340 184 71 The
10989 15340 576 85 undersigned
11594 15340 222 76 have
11858 15340 335 85 opened
12227 15359 52 52 a

10176 15468 539 198 HAIR
10871 15458 992 208 DRESSING
11972 15468 855 222 SALOON,

10984 15713 90 66 at
11107 15704 449 76 southeast
11589 15723 307 52 corner
11924 15704 99 71 of

10266 15827 661 80 MYRTHE
11017 15827 293 76 AVE
11400 15827 307 76 AMI
11806 15822 496 76 PEARL
12397 15822 340 99 STS.,

10748 15959 1002 151 BROOKLYN,
11835 15959 170 123 N.
12094 15959 208 156 Y.,

10172 16157 317 71 Where
10512 16157 208 85 they
10729 16157 175 66 will
10928 16157 109 66 be
11060 16153 340 90 pleased
11424 16157 90 66 to
11537 16153 643 71 accommodate
12203 16153 236 71 their
12458 16157 369 85 patrons,

10257 16276 293 80 HAIR
10597 16276 529 90 CUTTING,
11206 16276 534 90 SHAVING,
11792 16276 765 94 SHAMPOOING,
12609 16290 142 76 etc

10819 16408 657 80 I.ANSING
11537 16408 104 76 &
11717 16408 454 90 HALL,
12227 16408 506 80 Artists.

10332 16654 392 123 MRS.
10894 16644 161 123 A.
11197 16649 161 118 D.
11523 16644 1124 146 TREADWELL,

10413 16904 1020 113 FASHIONABLE
11499 16904 1072 132 DRESSMAKING,

10569 17150 203 76 101
10824 17154 302 71 west
11169 17145 1054 90 Twenty-Fourth
12265 17145 161 80 St.

10176 17372 321 283 P.
10677 17386 373 265 A.
11206 17367 1602 331 WHITE,

10715 17721 1583 156 DRUGGIST.

10167 18019 704 118 DEALER
10909 18019 198 118 IN
11154 18019 468 113 PURE
11679 18019 576 123 DRUGS
12302 18019 506 123 ONLY.

10885 18255 180 76 NO.
11112 18250 123 80 102
11277 18250 298 80 GOLD
11646 18250 454 94 STREET,

10762 18383 572 137 NEW
11494 18378 737 142 YORK.

10304 18751 746 151 School
11173 18742 213 151 of
11546 18751 1115 198 Dentistry

11334 19030 94 61 IN
11499 19030 170 57 THE

10153 19143 633 109 HOWARD
10857 19143 912 104 UNIVERSITY
11835 19143 661 113 MEDICAL
12562 19153 170 109 DE-

11079 19313 827 132 PARTMENT,

10512 19483 1384 156 WASHINGTON,
12009 19483 165 132 D.
12298 19488 156 132 0.

10252 19710 510 99 Opened
10824 19710 699 85 November
11584 19710 104 85 1.
11754 19710 331 85 1882.

10157 20017 661 227 Agency
10937 20008 241 184 for
11301 20013 515 184 Select
11991 20017 817 217 Servants,

10918 20244 312 71 MALE
11277 20239 241 76 AND
11565 20244 491 76 FEMALE.

10153 20367 865 128 REMOVED
11102 20367 217 113 TO
11409 20362 222 118 238
11721 20367 369 118 West
12189 20367 298 128 28th
12586 20376 222 151 St.,

10606 20546 246 80 BET.
10880 20551 142 76 7th
11055 20546 241 76 AND
11329 20551 137 71 Bth
11509 20551 557 90 AVENUES,
12109 20551 104 85 N.
12241 20556 113 85 Y.

10243 20754 397 66 Servants
10672 20754 90 66 to
10800 20745 123 71 fill
10956 20759 161 66 any
11154 20745 392 85 capacity
11589 20745 85 66 In
11721 20745 198 80 City
11967 20764 99 52 or
12123 20750 685 90 Country—such

10153 20849 90 57 as
10309 20830 298 80 Cooks,
10677 20830 534 76 Waitresses,
11282 20825 728 85 Chambermaids,
12076 20830 354 85 Nurses,
12496 20839 260 76 Coach-

10153 20934 231 66 men,
10422 20915 208 71 Offic
10663 20910 250 94 Boys,
10980 20910 161 71 and
11206 20906 557 80 JANITORS
11830 20915 397 90 supplied
12302 20920 208 80 with
12576 20924 231 94 help.

10153 21009 180 76 The
10384 21000 567 94 undersigned
10998 21000 203 94 begs
11263 21000 246 76 leave
11575 21009 90 71 to
11726 21024 146 71 say
11934 21005 194 80 that
12189 21009 156 80 she
12411 21019 180 76 will
12657 21043 151 52 use

10153 21118 260 66 every
10446 21094 430 71 endeavor
10899 21099 99 66 to
11027 21094 307 80 satisfy
11367 21094 250 66 those
11655 21094 189 66 who
11891 21109 194 71 may
12132 21099 109 66 be
12307 21104 350 80 pleased
12718 21118 90 61 to

10153 21180 444 90 patronize
10635 21180 175 66 her.

10233 21260 501 80 LODGING
10781 21274 109 57 on
10923 21255 496 76 reasonable
11466 21260 298 71 terms.
11854 21260 463 85 TRUNKS
12369 21269 439 80 STORED

10148 21359 142 76 for
10323 21354 85 76 50
10436 21364 241 66 cents
10715 21364 146 76 per
10899 21345 335 85 menth;
11282 21345 208 85 also,
11528 21345 572 85 fashionable
12137 21354 255 80 Dress
12430 21369 378 85 making.

10153 21444 265 76 Office
10450 21444 255 66 hours
10734 21439 227 71 from
10994 21439 43 66 9
11065 21454 80 52 a.
11178 21454 113 52 m.
11329 21444 90 61 to
11452 21439 38 66 3
11542 21454 76 66 p.
11669 21458 113 52 m.

11206 21520 260 71 MISS
11499 21520 335 76 MARY
11887 21524 109 71 A.
12043 21524 680 80 CRAWFORD.

10153 21723 411 180 THE
10672 21709 1087 189 NATIONAL
11820 21718 973 213 WITNESS,

10224 21950 90 80 A
10356 21940 732 90 First-Class
11131 21940 520 104 Weekly
11698 21945 198 85 for
11934 21950 217 85 the
12198 21954 539 109 Family.

10148 22091 227 99 Rev
10422 22087 165 94 W.
10644 22077 128 104 B.
10828 22082 548 118 AVERY,
11443 22087 369 99 Editor
11877 22091 208 94 and
12184 22091 614 123 Publssher,

10276 22209 397 80 OFFICE
10706 22209 123 76 611
10866 22209 61 71 F
10965 22214 298 80 street,
11296 22228 85 57 n.
11419 22228 137 71 w.,
11608 22209 798 99 WASHINGTON,
12444 22224 104 76 D.
12581 22228 99 80 C.

10143 22346 402 118 Terms,
10587 22342 109 99 in
10748 22337 529 104 Advance.
11428 22342 217 99 One
11745 22346 317 118 Year,
12161 22346 118 104 $1
12359 22356 175 123 50;
12614 22361 184 94 Six

10276 22474 472 113 Months,
10828 22469 118 99 $1
11022 22474 175 123 00;
11277 22469 340 99 Three
11665 22474 420 99 months
12132 22483 132 94 50
12331 22493 331 94 cents.

10228 22639 76 71 A
10375 22630 340 76 limited
10767 22630 364 71 number
11178 22630 90 71 of
11315 22635 718 85 unquestionable
12076 22639 728 90 advertisements

10143 22724 180 71 will
10356 22724 109 66 be
10502 22720 293 71 taken.
10885 22715 222 71 THE
11154 22715 501 80 WITNESS
11698 22696 71 99 Is
11802 22724 151 71 the
11986 22743 444 57 successor
12491 22743 94 61 to
12652 22743 146 71 the

10148 22805 406 76 National
10597 22800 213 80 hem,
10876 22800 156 71 and
11102 22800 146 71 the
11320 22800 345 76 Kamas
11726 22809 392 76 Advocate
12184 22814 170 76 and
12439 22814 326 85 Witnest

10143 22894 335 90 Having
10512 22885 472 94 purchased
11017 22885 146 76 the
11206 22885 189 80 Item
11428 22894 161 76 and
11617 22894 345 94 merged
12000 22899 71 80 It
12104 22904 217 80 with
12354 22909 151 80 the
12543 22880 255 113 Adv^

10143 22989 184 66 ante
10361 22984 184 71 Into
10573 22984 146 71 the
10757 22980 402 76 National
11216 22980 359 76 Witness.

10228 23079 71 66 A
10342 23079 170 66 few
10545 23074 208 76 live,
10786 23069 444 80 energetic
11287 23088 491 57 canvassers
11830 23079 161 71 snd
12057 23093 298 80 agents
12420 23093 373 76 wanted.

10139 23159 340 71 Liberal
10507 23164 293 61 terms.
10890 23150 378 80 Address
11301 23159 151 71 the
11485 23164 312 80 editor,
11830 23169 123 71 914
11986 23164 217 80 f24tb
12236 23178 231 66 stree
12520 23187 94 57 tn
12685 23197 80 57 w

10143 23244 586 85 Washington,
10762 23239 104 71 D.
10909 23239 99 71 C.
11230 23306 38 14 _
12411 23239 43 99 d
12496 23239 43 99 2
12581 23239 132 99 3m.

13115 1002 90 57 ■
13342 992 926 66 AIRIBkM
14466 964 113 80 To
14613 964 146 80 the
14792 959 321 85 Editor
15137 973 33 66 :
15255 959 274 71 Dear
15600 950 236 71 Sik-
15860 940 312 80 Please
16214 935 345 76 inform
16625 945 241 80 your
16899 931 369 71 readers
17339 940 293 109 EU&J
17669 954 170 104 gJJB
17868 973 274 85 £3^
18180 931 14 128 j

13120 1002 85 165 |
13332 1068 198 99 O
13578 1002 591 165 811
14362 1058 198 76 that
14598 1058 43 76 1
14669 1058 231 76 have
14929 1077 52 52 a
15019 1049 373 94 Positive
15430 1035 378 99 remedy
15846 1035 142 76 for
16016 1030 161 80 the
16209 1044 222 61 cure
16460 1020 104 80 of
16592 1016 156 85 the
16772 1020 283 76 above
17088 1020 184 76 dis-
18175 1002 19 165 4

13706 1101 335 151 1O
14093 1101 156 142 IL
14367 1176 227 61 ease,
14636 1148 184 80 and
14854 1143 198 80 that
15090 1148 123 85 by
15246 1143 123 71 its
15402 1157 165 57 use
15595 1139 94 71 in
15728 1148 161 71 my
15921 1115 463 99 practice!
16427 1115 231 80 have
16687 1115 288 76 cured
17003 1115 269 76 thou-
17372 1101 123 104 ES
17792 1101 19 151 <
17868 1101 326 151 figEl

13120 1233 80 80 H
13328 1252 203 61 s—
13578 1247 76 66 ■
13710 1200 71 128 0
14362 1243 283 71 gauds
14679 1243 104 71 of
14802 1257 260 57 cases
15090 1233 104 76 of
15222 1233 161 71 the
15411 1228 279 71 worst
15713 1219 231 76 kina
15978 1214 189 76 and
16200 1214 104 71 of
16328 1209 222 90 long
16583 1209 468 85 standing,
17079 1209 194 71 and

13115 1285 85 194 i
13328 1252 1450 331 yUIlLj^
14868 1422 1214 156 thousand
16243 1403 1006 156 dollars
17372 1370 213 189 r
17698 1252 113 293 I
17972 1252 184 392 |*

13087 1639 146 76 'or
13266 1658 47 57 a
13346 1658 203 57 case
13583 1635 66 76 it
13691 1635 175 76 will
13899 1635 161 71 not
14088 1649 222 57 cure
14339 1644 113 57 or
14476 1625 359 90 greatly
14854 1620 369 80 benefit.
15283 1611 383 90 Indeed,
15699 1630 99 52 bo
15827 1611 331 85 strong
16181 1606 85 71 is
16280 1620 170 71 my
16469 1602 269 85 faith,
16772 1597 43 71 I
16833 1597 180 71 will
17036 1597 231 76 send
17939 1578 128 99 JS
18175 1578 19 170 |

14745 1757 420 123 ONE
15298 1743 770 132 BOTTLE
16205 1734 600 146 FREE,
18180 1734 14 146 ’

13082 1946 411 80 together
13526 1937 213 80 with
13772 1956 52 57 a
13857 1932 416 80 valuable
14306 1928 402 85 treatise,
14735 1928 99 76 to
14858 1946 189 66 any
15080 1923 439 76 sufferers
15553 1913 553 85 addressing
16134 1923 175 66 me,
16337 1904 317 94 giving
16677 1904 246 76 their
16942 1918 113 61 nr
17079 1928 165 66 me,
17268 1928 369 71 express
17665 1928 175 71 and
17887 1932 76 80 p.
17995 1946 61 76 o

13082 2031 307 76 Please
13422 2031 250 71 show
13691 2027 189 76 this
13913 2022 265 76 letter
14206 2031 94 61 to
14339 2036 184 66 any
14556 2036 170 52 one
14759 2031 180 71 you
14972 2031 217 66 may
15217 2013 265 71 know
15520 2008 198 71 who
17046 1998 132 71 jle
17211 2017 369 94 unease,
17613 2013 180 71 and
17825 2022 246 90 oblige
18180 1998 14 118 4

13772 2107 628 94 Respectfully
14433 2121 307 71 j-ours,
15491 2074 449 132 DR.&*
16167 2083 416 94 ROOT,
16644 2079 222 90 183
16913 2079 52 80 J
17008 2083 231 80 earl
17291 2088 383 90 Streei.
17731 2093 236 99 New

13479 2315 1791 189 OSUBAJCE,

13035 2679 288 104 ißog.
15255 2721 47 57 *
15420 2660 293 90 1882.

13025 2872 1110 265 NORTH
14301 2854 1413 283 BRITISH

13049 3231 312 104 AND
13450 3231 969 109 MERCANTILE
14537 3222 860 113 INSURANCE
15491 3213 222 113 CO.

13710 3420 104 52 OF
13857 3420 354 57 LONDON
14272 3416 180 52 AND
14499 3411 534 57 BDINBURGH.

13020 3520 340 99 NEW
13417 3524 416 99 YORK
13866 3515 496 109 BOARD
14400 3520 184 104 OF
14622 3510 1082 109 MANAGEMENT.

13020 3680 359 76 SOLON
13422 3685 746 85 HUMPHREYS,
14192 3685 236 85 Esq.,
14457 3685 354 76 Ch’man
14835 3680 99 76 E.
14962 3680 104 76 D.
15090 3680 359 90 Morgan
15468 3680 71 76 &
15567 3676 146 80 Co.

13195 3803 373 76 DAVID
13616 3808 354 85 DOWS,
14008 3813 236 85 Esq.,
14282 3808 283 76 David
14603 3803 260 76 Dows
14896 3808 71 71 *
15000 3803 156 76 Co.

13365 3926 94 76 E.
13498 3926 94 76 P.
13635 3931 458 85 FABBRI,
14126 3931 241 85 Esq.,
14405 3926 354 85 Drexel,
14792 3926 359 94 Morgan
15189 3926 66 76 &
15307 3921 151 80 Co.

13545 4054 222 76 Hon.
13805 4058 90 66 S.
13932 4054 94 71 B.
14079 4049 770 85 CHITTENDEN,

13710 4172 302 71 EZRA
14060 4172 416 80 WHITE,
14513 4172 208 85 Esq.

13876 4290 85 76 J.
13994 4290 90 76 J.
14117 4290 402 80 ASTOR,
14561 4290 203 85 Esq.

13016 4403 411 113 CHAS.
13479 4413 132 104 E.
13677 4413 524 128 WHITE,
14391 4413 335 109 SAM.
14787 4413 128 109 P.
14967 4403 737 132 BLAGDEN,

14126 4583 477 85 Managers.

13025 4691 477 146 Office:
13569 4701 198 142 54
13800 4701 704 146 William
14561 4710 231 151 st.,
14891 4701 312 146 Cor.
15269 4701 435 170 Pine,

14027 4899 255 76 NEW
14343 4899 350 76 YORK.

13214 5112 661 189 London
14027 5121 317 189 and
14419 5121 1025 189 Lancashire.

13016 5348 298 85 Fire
13356 5353 704 90 Insurance
14102 5362 246 99 Co.,
14405 5367 151 80 of
14613 5362 737 99 Liverpool,
15392 5357 307 99 Eng.

13413 5490 345 104 FIRE
13876 5499 850 104 INSURANCE
14839 5499 439 104 ONLY.

13011 5646 369 90 WELL
13450 5655 628 85 INVESTED
14154 5665 472 85 ASSETS.

13313 5754 435 85 LARGE
13814 5759 742 85 RESOURCES.

13554 5858 510 85 PROMPT
14112 5863 836 85 SETTLEMENT
15024 5863 156 80 OF
15227 5858 472 85 LOSSES.

13209 6043 104 90 46
13351 6043 274 85 Pine
13668 6047 430 94 Street.
14140 6052 449 85 Corner
14627 6052 562 80 William.

14258 6189 293 76 James
14613 6189 515 80 Ykreance,
15161 6189 463 85 Manager.-

13455 6406 1800 283 LONDON

13016 6728 1186 161 Assurance
14249 6732 1446 198 Corporation.

14046 6959 638 165 (FIRE).

13682 7209 784 71 ESTABLISHED
14513 7214 109 71 A.
14669 7209 109 76 D.
14825 7209 198 76 1720.

13408 7328 553 113 BENONI
14036 7332 841 137 LOCKWOOD,
14957 7342 595 109 Manager.
15657 7380 33 28 •

13507 7535 85 76 88
13639 7540 331 71 WALL
14017 7540 458 76 STREET,
14528 7540 255 71 NEW
14839 7545 354 71 YORK.
15619 7554 47 52 \

13016 7753 2669 198 CONTINENTAL.

14079 8022 572 170 (FIRE)

13011 8192 1313 189 Insurance
14424 8202 1120 231 Company-

13408 8452 231 128 -100
13729 8457 137 128 B
13928 8457 137 128 R
14159 8457 288 132 OA
14513 8457 142 128 D
14735 8461 321 128 WA
15180 8461 146 128 1.

13866 8679 416 137 GEO.
14391 8683 146 123 T.
14636 8679 553 165 HOPE,
15274 8683 416 132 Pres.

13011 8839 586 142 CYRUS
13682 8839 534 156 PECK,
14310 8844 449 161 Sec’y.

13011 9038 378 76 Reserve
13422 9043 742 71 forre-lnsurance
14192 9043 99 71 of
14310 9043 557 90 outstanding
14887 9043 813 94 ri5k5.,|1,458,827307

13011 9123 378 80 Reserve
13413 9132 600 94 representing
14046 9128 255 76 other
14357 9132 307 71 claims
15279 9137 288 85 841,657
15614 9137 85 76 63

13006 9217 369 90 Capital,
13403 9217 198 94 paid
13635 9222 85 71 in
13743 9222 203 71 cash
15222 9227 359 80 1,01)0,000
15609 9231 90 66 00

13006 9307 175 71 Net
13214 9312 359 80 Surplus
15222 9312 359 80 1,406,720
15609 9312 85 71 81

13006 9477 293 76 CASH
13337 9477 439 90 ASSETS,
13814 9477 383 99 Jnauary
14230 9482 265 85 1,1882
15137 9482 435 94 |4,207,205,
15609 9487 80 76 51

12217 8570 510 90 Ropkins.

13011 9737 690 189 Howard
13861 9742 865 194 Insurance
14868 9746 813 236 Company

13857 9978 699 76 CHARTERED
14631 9983 194 71 1825.
15576 9940 61 47 “

13002 10091 491 71 CAPITAL
15128 10096 435 90 |5,000,000,
15600 10101 80 76 00

13002 10181 260 76 Gross
13318 10181 326 94 Assets,
13682 10186 378 94 January
14098 10191 61 85 1,
14216 10186 165 80 1882
15250 10191 283 90 851,447
15600 10191 80 80 84

13682 10365 397 66 HENRY
14117 10365 113 71 A.
14268 10365 491 80 OAKLEY,
14797 10365 482 71 President.

13006 10446 265 71 Chas.
13309 10446 104 71 A.
13455 10446 269 85 Hull,
13767 10450 189 71 Sec.
14249 10446 397 76 Richard
14683 10450 132 71 W.
14854 10450 326 85 Clark,
15213 10450 236 76 Ass’t
15487 10450 194 76 Sec.

13474 10625 359 71 Office:
13871 10625 161 71 No.
14069 10625 80 71 66
14183 10625 222 76 Wall
14461 10635 302 76 street,
14802 10625 255 76 NEW
15113 10630 354 71 YORK.

13252 10913 265 165 D.
13625 10913 265 165 H.
14027 10918 1356 217 SCUDDER,

13715 11154 553 118 PIANO
14353 11154 647 128 TUNER.

13087 11400 406 85 Address,
13531 11400 104 76 D.
13672 11400 104 76 H.
13814 11405 411 85 Scudder,
14258 11405 576 85 Morristown,
14882 11409 109 71 N.
15038 11409 118 85 J.,
15217 11419 104 66 or

13625 11528 548 104 PASTOR
14244 11532 827 104 PENALVER.

13431 11693 298 76 Cuban
13762 11693 449 85 Violinist,
14272 11693 123 76 261
14433 11702 213 71 west
14679 11698 180 76 47th
14896 11702 302 76 street,

13002 11787 189 80 jy
13219 11778 283 80 Music
13535 11783 180 76 also
13748 11787 454 76 furnished
14235 11787 137 76 for
14405 11787 260 90 Balls,
14702 11787 364 90 Parties,
15137 11792 534 94 Receptions

13002 11872 165 76 and
13228 11872 444 76 Concerts.

13715 12128 567 104 STATEN
14400 12132 534 104 ISLAND

13002 12326 529 241 Fancy
13639 12326 628 241 Dyeing
14367 12326 1294 222 Establishment,

13205 12666 387 132 Office,
13668 12699 57 94 5
13800 12676 222 90 and
14093 12699 57 94 7
14220 12676 307 123 John
14622 12676 402 123 Street,
15099 12676 146 109 N.
15335 12680 137 99 Y.

13819 12888 529 80 BRANCH
14433 12893 539 76 OFFICES.

13091 13020 165 71 1199
13290 13020 496 94 Broadway,
13824 13035 208 61 near
14060 13020 326 90 29th-st,
14424 13020 213 76 New
14693 13020 279 90 York;
15019 13025 128 76 279
15208 13025 454 85 Fulton-st.

13002 13110 472 94 Brooklyn;
13550 13110 85 80 47
13701 13115 250 76 north
14013 13115 463 90 Eighth-st,
14542 13115 638 94 Philadelphia;
15265 13124 123 71 110
15449 13129 213 71 west

13002 13200 624 90 Baltimore-st,
13677 13205 501 71 Baltimore.

13091 13290 213 90 Dye,
13342 13290 260 76 Clean
13635 13294 165 71 and
13838 13290 383 76 Reflnish
14258 13290 255 76 Dress
14546 13290 279 76 Goods
14858 13294 161 71 and
15057 13294 482 76 Garments.

13087 13375 335 76 Ladies’
13460 13380 378 85 Dresses,
13876 13380 335 80 Cloaks,
14254 13380 307 85 Robes,
14598 13389 203 76 etc.,
14835 13384 94 71 of
14962 13384 109 71 all
15113 13384 350 80 fabrics,
15501 13384 161 76 and

13002 13469 94 66 of
13129 13465 151 76 the
13318 13474 222 66 most
13573 13469 435 71 elaborate
14041 13469 250 90 style,
14324 13469 364 71 cleaned
14717 13488 99 57 or
14844 13469 227 90 dyed
15099 13474 562 90 successfully

13002 13554 373 71 without
13422 13554 369 90 ripping.

13091 13644 591 71 Gentlemen’s
13715 13625 454 90 Garments
14202 13644 354 71 cleaned
14594 13658 94 57 or
14717 13644 222 90 dyed
14972 13644 312 71 whole.

13091 13724 425 85 Curtains,
13550 13729 397 76 Window
13989 13729 345 80 Shades,
14367 13729 269 71 Table
14669 13729 345 85 Covers,
15047 13734 378 90 Carpets,
15468 13739 142 71 etc

13006 13814 354 76 cleaned
13394 13833 94 57 or
13517 13814 250 90 dyed.

13091 13899 510 94 Employing
13635 13904 146 76 the
13814 13904 194 76 best
14046 13904 468 76 attainable
14546 13904 203 71 skill
14783 13904 161 76 and
15005 13913 227 66 most
15293 13904 317 90 improv-

13011 13989 104 76 ed
13148 13989 520 90 appliances,
13701 13989 165 76 and
13904 13994 312 85 having
14249 13994 609 85 systematized
14910 14013 236 52 anew
15213 14013 265 71 every
15524 13998 94 71 de-

13011 14088 435 76 partment
13474 14079 90 71 of
13602 14098 156 52 our
13805 14079 411 80 business,
14282 14093 132 66 w:
14480 14093 156 57 can
14702 14079 520 90 confidently
15293 14088 369 80 promise

13006 14169 151 76 the
13191 14169 189 71 best
13413 14169 335 80 results,
13781 14169 165 66 and
13980 14173 454 80 unusually
14471 14173 335 99 prompt
14835 14178 298 61 return
15165 14169 94 76 of
15288 14169 288 90 goods.

13091 14254 288 71 Goods
13408 14254 406 76 received
13852 14254 161 71 and
14046 14254 406 71 returned
14471 14254 123 90 by
14646 14272 378 71 express.

13096 14343 751 90 Correspondence
13880 14343 369 71 Invited.

13413 14466 751 90 BARRETT,
14249 14466 742 80 NEPHEWS
15071 14466 104 80 &
15246 14466 222 80 CO.

13611 14631 43 71 5
13696 14631 165 71 and
13890 14631 43 71 7
13975 14631 373 76 John-st,
14414 14631 260 76 NEW
14726 14631 350 76 YORK.

13011 14896 572 184 Ann
13677 14896 255 184 E.
14060 14896 813 236 Ogden
14991 14896 671 208 Ross,

13394 15156 534 76 TEACHER
13980 15156 137 76 OF
14178 15156 359 76 PiANO
14584 15156 241 76 AND
14863 15156 420 80 ORGAN.

13096 15402 76 76 A
13209 15402 293 76 Select
13535 15402 302 76 School
13871 15402 142 76 for
14041 15402 208 90 boys
14282 15402 165 71 and
14476 15402 213 90 girls
14717 15402 180 76 will
14924 15420 354 71 re-open
15302 15420 113 61 on
15435 15406 170 76 Mon-

13011 15524 189 90 day,
13238 15524 510 94 September
13781 15524 66 90 4,
13885 15534 85 71 at
14003 15524 477 90 residence,
14518 15524 85 76 90
14636 15524 227 94 High
14901 15534 298 80 street,

13715 15685 831 123 BROOKLYN,
14622 15690 137 99 N.
14835 15690 146 99 Y.

13602 15879 444 76 TEEMS
14140 15879 931 80 REASONABLE.

13205 16172 680 165 MISS
13956 16176 231 161 J.
14249 16176 1214 213 ASHTON,

13894 16417 137 76 143
14074 16417 279 76 West
14386 16417 217 76 26th
14646 16417 128 76 St.

13502 16583 591 80 IMPORTER
14178 16583 241 76 AND
14509 16583 458 85 DEALER
15057 16587 123 76 IN

13247 16743 751 118 HUMAN
14083 16748 510 109 HAIR
14745 16748 680 118 GOODS.

13427 16928 241 90 Wigs
13706 16932 165 71 and
13904 16932 487 76 ventilated
14424 16932 241 76 work
14702 16951 47 57 a
14783 16937 458 94 specialty.

13479 17008 236 99 Wigs
13743 17022 227 71 from
14003 17022 175 76 five
14235 17022 317 71 dollars
14580 17027 165 66 and
14778 17031 425 76 upwards.

13006 17277 397 198 JOHN
13460 17277 109 85 F.
13635 17277 619 109 QUARLES,
14310 17282 255 104 ESQ.

13002 17556 784 109 ATTORNEY
13857 17561 85 99 &
14013 17556 950 113 COUNSELLOR
15033 17565 189 109 AT
15298 17565 364 113 LAW.

13535 17754 128 76 317
13710 17759 704 85 BROADWAY,
14466 17764 255 76 NEW
14778 17764 354 80 YORK.

13082 18009 189 85 tW
13299 18005 354 90 Prompt
13687 18009 435 71 attention
14150 18009 265 85 given
14443 18019 94 61 to
14565 18009 156 76 the
14754 18014 468 76 collection
15260 18019 94 71 of
15420 18019 241 76 debts

12997 18128 161 61 and
13195 18128 246 66 other
13474 18128 326 66 claims.
13890 18128 317 85 Money
14239 18128 302 71 loaned
14598 18146 113 52 on
14778 18128 217 76 Real
15057 18132 331 76 Estate.
15472 18132 142 76 Pro-

12997 18246 246 80 perty
13276 18241 331 85 bought
13630 18241 170 76 and
13843 18241 213 80 sold.

13441 18506 387 113 MISS
13961 18506 104 113 I.
14220 18506 151 118 G.
14518 18510 737 151 CARTER,

13701 18732 420 80 MODE
14183 18732 194 76 DE
14471 18732 506 99 PARIS,

13129 18898 194 109 328
13365 18898 402 109 WEST
13819 18898 1049 113 FIFTY-SECOND
14943 18907 586 118 STREET.

13072 19120 151 76 All
13252 19124 156 71 the
13436 19124 265 76 latest
13734 19120 335 80 French
14102 19124 265 80 styles
14400 19129 487 80 constantly
14929 19148 104 57 on
15071 19134 255 76 hand.

13016 20140 2556 1011 BA

13016 21175 2556 501 ■■IB

13063 21718 302 76 GOOD
13417 21723 321 71 NEWS
13786 21718 142 76 TO
14003 21723 529 76 LADIES.—
14556 21728 170 76 Get
14783 21746 118 71 up
14962 21732 260 76 Clubs
15279 21732 146 76 for
15487 21746 156 61 our

12978 21789 742 90 CELEBRATED
13753 21808 321 85 TEAS,
14131 21813 165 71 and
14362 21827 302 61 secure
14726 21831 52 57 a
14835 21817 435 76 beautiful
15331 21822 57 43 “
15411 21822 231 76 Moss

12978 21907 99 57 or
13106 21893 217 76 Gold
13361 21898 231 76 Band
13630 21893 180 76 Tea
13843 21898 236 85 Set,”
14112 21902 85 71 44
14230 21898 321 94 pieces,
14598 21921 156 57 our
14787 21921 194 57 own
15047 21907 591 90 Importation.

12978 21978 184 76 One
13200 21987 90 71 of
13323 21987 250 76 these
13606 21987 435 71 beautiful
14079 21987 175 76 Tea
14320 21987 194 76 Sets
14575 21997 71 66 Is
14712 21997 255 90 given
15028 22016 241 71 away
15331 22006 94 66 to
15487 22006 151 66 the

12973 22077 246 80 party
13257 22072 359 90 sending
13649 22091 47 52 a
13729 22072 213 71 Club
13998 22077 142 71 for
14202 22077 161 80 $25.
14457 22077 208 76 This
14731 22082 76 71 is
14863 22087 146 66 the
15076 22091 378 76 greatest
15515 22087 80 66 in-

12973 22153 468 80 ducement
13474 22172 203 57 ever
13710 22162 354 71 offered.
14159 22162 227 71 Send
14419 22162 94 76 In
14542 22186 217 71 your
14787 22167 288 76 orders
15137 22167 161 76 and
15364 22167 274 99 Enjoy

12978 22261 52 57 a
13054 22243 246 80 Good
13332 22247 184 90 Cup
13545 22247 99 76 of
13677 22243 208 90 Tea,
13918 22252 161 76 and
14112 22261 94 66 at
14235 22252 151 80 the
14419 22276 231 57 same
14683 22257 217 76 time
14934 22276 364 71 procure
15331 22280 52 52 a
15444 22261 146 71 Chi-

12978 22351 109 52 na
13120 22337 175 71 Tea
13332 22342 175 66 Set.
13602 22337 128 71 No
13767 22342 411 80 humbug.
14268 22342 241 76 Gooi
14542 22346 246 76 Teas,
14816 22346 255 76 30,35,
15109 22351 161 66 and
15298 22351 137 66 40c
15487 22365 156 66 per

12973 22417 123 71 lb.
13181 22422 468 71 Excellent
13710 22422 241 80 Teas,
14027 22427 165 80 60c,
14268 22431 165 66 and
14509 22446 203 71 very
14797 22431 189 66 best
15052 22431 227 66 from
15345 22431 132 71 65c
15543 22441 90 61 to

12973 22502 161 80 90c,
13233 22502 279 76 When
13545 22507 402 90 ordering
13980 22507 109 71 be
14121 22526 194 57 sure
14353 22512 161 76 and
14580 22517 387 71 mention
15028 22517 231 71 what
15293 22498 208 90 kind
15539 22517 94 76 oi

12973 22583 222 80 Teas
13228 22611 165 71 you
13427 22597 260 80 want,
13720 22597 392 76 whether
14145 22597 354 94 Oolong,
14523 22602 321 80 Mixed,
14868 22602 302 85 Japan,
15198 22602 435 90 Imperial,

12978 22672 312 94 Young
13328 22682 317 85 Hyson,
13687 22682 581 85 Gua-powder
14329 22706 90 52 or
14485 22687 350 90 English
14901 22687 482 76 Breakfast.
15477 22691 161 71 We

12973 22776 146 57 are
13153 22767 146 66 the
13337 22767 279 71 oldest
13644 22767 165 71 and
13843 22767 317 94 largest
14197 22772 175 76 Tea
14400 22772 435 90 Company
14868 22772 94 71 In
15000 22772 146 76 the
15208 22776 425 76 business.

12973 22847 184 76 The
13195 22852 491 90 reputation
13720 22857 99 76 of
13852 22876 156 57 our
14041 22857 269 80 house
14343 22861 387 94 requires
14764 22876 109 57 no
14920 22871 468 71 comment.
15482 22866 104 76 Be-

12973 22956 227 61 ware
13233 22946 94 76 of
13365 22942 288 99 Cheap
13687 22942 222 80 Teas
13937 22951 293 80 which
14258 22975 142 57 are
14433 22951 496 80 advertised
14957 22956 109 94 by
15132 22956 246 80 other
15444 22975 146 66 con-

12973 23050 274 57 cerns.
13337 23036 170 71 For
13526 23041 161 71 full
13729 23041 506 85 particulars
14277 23046 340 71 address

13181 23150 227 76 THE
13469 23154 387 80 GREAT
13918 23159 609 76 AMERICAN
14589 23159 222 76 TEA
14863 23164 557 76 COMPANY

13054 23263 99 80 P.
13200 23268 99 80 0.
13337 23268 189 80 Box
13573 23272 156 80 289.
14206 23282 80 80 31
14320 23277 165 85 and
14518 23277 85 80 33
14646 23277 633 94 YBSSEY-ST,
15317 23287 113 80 N.
15468 23277 118 99 Y«

16200 2353 1427 194 Masquerade
17759 2362 425 203 Ball

15893 2631 99 71 of
16035 2631 156 71 the
16252 2617 605 80 ARIENTAL
16904 2617 794 90 ASSOCIATION,
17778 2636 170 71 will

15912 2769 1682 217 CLARENDON
17802 2787 435 255 HAU

16148 3033 128 71 114
16309 3033 71 66 &
16422 3033 123 71 116
16578 3028 208 71 East
16824 3024 180 76 13th
17036 3028 142 76 st.,
17216 3024 180 76 bet.
17428 3024 99 76 3d
17561 3033 76 66 *
17669 3033 132 71 4th
17839 3057 312 85 avenue,
18175 3090 61 66 oj

15898 3184 817 109 THURSDAY
16833 3180 718 137 EVENING,
17646 3189 591 156 JANUARY

15893 3425 534 80 Tickets
16483 3425 146 76 75
16677 3425 397 76 cents.
17183 3425 406 76 Music
17627 3430 165 94 by
17872 3439 274 94 Prof
18194 3472 52 61 n

16540 3557 600 85 SAUSE’S
17235 3557 713 99 Orchestra.

15978 3770 487 80 Costumes,
16502 3761 217 76 both
16757 3761 392 76 Ancient
17183 3765 170 71 and
17419 3765 383 90 Modern,
17868 3798 142 61 can
18066 3798 90 71 be
18213 3813 47 52 k

15888 3860 156 76 the
16096 3855 194 76 Hall
16328 3874 118 57 on
16479 3850 510 76 reasonable
17022 3860 302 66 terms.
17424 3855 430 85 SUPPER
17901 3879 161 76 win
18109 3893 85 76 be
18217 3850 43 118 w!

15893 3969 57 57 a
15983 3950 94 71 la
16106 3945 246 76 carte.

15978 4039 302 71 Flock
16351 4030 496 76 Manager:
16928 4025 217 76 Prof
17206 4030 487 80 Holladay
17769 4044 94 71 of
17948 4054 312 76 Phliad.i,

15888 4124 373 71 assisted
16309 4124 113 85 by
16455 4115 359 76 George
16866 4115 487 71 Milsbore.

15978 4243 477 71 Officers:
16507 4243 109 66 A.
16649 4238 99 71 P.
16800 4233 354 85 Fields,
17220 4233 506 80 President:
17811 4247 99 80 N.
17976 4257 76 76 H
18128 4261 350 71 uMs

15888 4328 761 85 Vice-President;
16701 4323 85 76 J.
16857 4323 109 76 H.
17046 4323 416 90 Jenkins,
17528 4328 487 104 Treasurer;
18061 4356 47 71 J
18189 4332 28 94 i
18288 4323 189 113 -Hn

15888 4408 269 94 »Vry,
16195 4422 501 80 Secretary,
16757 4413 411 76 William
17202 4413 113 80 H.
17348 4413 335 90 Bacon,
17731 4403 746 151 sergeant.\p^^p

16743 4639 794 76 ESTABLISHED
17589 4644 189 76 1880.
18307 4635 128 85 B
18449 4687 28 71 a

15888 4767 1569 198 Metropolitan
17693 4772 354 175 Ho
18094 4833 128 123 u
18255 4715 222 255 si:

16706 4965 1082 208 Cleaning,

15883 5206 831 76 DISINFECTING
16767 5202 246 80 AND
17060 5202 543 80 GENERAL
18321 5154 156 142 He

17282 5334 737 85 RENOVATING
18066 5291 411 151 BUnJf

16233 5457 704 128 BUTLER
17022 5457 383 118 AND
17494 5457 723 165 GARNER,

16786 5613 132 76 350
16961 5613 255 76 Sixth
17287 5613 402 76 Avenue.
18326 5608 99 80 ■
18458 5608 19 94 J

15879 5750 189 76 fy
16101 5740 345 71 Houses
16479 5735 392 85 cleaned,
16904 5735 477 76 Furniture
17419 5735 425 90 polished,
17891 5745 317 90 Carpets
18246 5778 43 61 t
18331 5759 94 66 M

15879 5858 137 85 ed,
16054 5854 250 76 made
16337 5868 217 66 over
16597 5854 170 71 and
16809 5854 312 71 relald.
18321 5854 109 71 ■

16880 6151 690 123 NOTICE.
18321 6118 109 241 |

15888 6335 501 194 “The
16592 6345 496 184 Little
17287 6345 572 241 Oyster
18038 6269 439 373 Hou^

16280 6586 666 184 Around
17055 6586 274 184 the
17433 6586 709 203 Corner.”
18317 6529 161 302 |i

16540 6822 99 76 C.
16687 6822 113 76 H.
16838 6827 472 85 SIEMAN,
17357 6827 572 76 Proprietor.

15964 6945 312 76 Orders
16309 6945 146 71 for
16483 6945 397 76 families
16909 6964 104 57 or
17046 6945 345 90 private
17424 6950 321 85 parties
17783 6950 416 85 delivered
18231 6978 61 66 st
18326 6945 90 90 ■
18444 6945 33 76 V

15869 7030 392 90 Grocery
16299 7035 246 71 Store
16583 7030 165 76 No.
16781 7035 85 71 83
16913 7035 406 80 Canal-st,
17367 7035 170 71 and
17603 7035 161 76 No.
17811 7035 38 76 2
17915 7039 345 85 Brook-st
18312 7020 165 104 Sii

15869 7120 335 85 pieton.
16243 7120 184 71 will
16460 7120 354 71 receive
16857 7129 345 80 prompt
17244 7124 472 71 attention.
18260 7106 19 104 ’
18326 7106 151 90 ■*

16082 7247 1025 198 JACOB
17183 7243 1294 260 MAUERI

15964 7483 321 71 Dealer
16328 7488 99 66 In
16493 7483 331 71 Choice
16885 7483 463 71 Groceries
17409 7483 170 71 and
17641 7488 506 85 Provisions,

15879 7602 222 71 Teas
16134 7602 165 66 and
16337 7602 373 80 Coffees,
16762 7602 331 99 Sp/ces,
17159 7602 269 66 Flour
17490 7602 170 66 and
17717 7602 260 85 Feed,
18047 7611 231 90 Cigars

15879 7720 529 90 Tobaccoes,
16446 7720 302 80 Wlnes
16781 7715 165 85 aiid
16980 7720 402 94 Liquors.
17471 7724 326 76 Corner
17825 7724 302 85 Varian
18180 7743 113 80 and
18326 7706 151 113 nW

15883 7847 255 71 Keon
16172 7847 298 80 street,

16635 7965 855 180 Stapleton,
17594 7965 137 142 S.
17811 7965 123 146 I.

16408 8192 647 113 FRED’K
17140 8192 161 109 A.
17400 8164 643 165 FUNKE?
18326 8192 151 123 ■

15879 8372 652 123 Central
16635 8372 468 123 Wein
17183 8376 331 118 and
17617 8376 496 156 Lager
18203 8301 274 222 bel

16918 8546 661 118 Salmon.

16304 8702 85 76 82
16427 8702 420 76 Broad-st.
16885 8721 175 61 cor.
17098 8707 411 85 Ganal-st,

17301 8797 680 99 STAPLETON,
18024 8811 76 76 S.
18137 8811 57 80 I.
18321 8773 156 109 B

16044 8972 354 76 Charles
16436 8976 387 71 Bischoff
16861 8976 66 71 &
16970 8976 288 76 Sons’s
17296 8976 477 90 Nonpareil
17839 8981 198 76 Bier
18099 8934 378 137 alwsn^B

15869 9057 260 80 hand.

16602 9265 331 189 Mo
17074 9265 813 217 Stark,

16970 9510 293 61 AGENT
17310 9510 170 61 FOK

16446 9614 170 99 W.
16767 9619 132 94 G.
17046 9614 917 113 ABBOTT’S

15860 9780 529 203 ALE
16597 9789 576 194 AND
17395 9789 1082 198 iPORTEM

16332 10058 387 132 Depot,
16800 10063 203 109 No.
17079 10068 128 99 95
17282 10063 354 113 Broad
17702 10068 378 137 Street,

15945 10233 312 90 Coyles
16290 10233 444 90 Building,
17773 10243 449 90 Stapleton,
18241 10191 236 132 SIH

15860 10417 562 184 JOSEPH
16493 10417 425 104 LEWIS,

15860 10654 397 128 First
16342 10658 392 123 Glass
16800 10658 458 161 Wine,
17324 10663 543 161 Lunch,
17957 10502 520 364 an^ll

16554 10890 250 128 ger
16890 10857 340 137 Bier
17343 10852 723 170 Spleen,!
18302 10800 61 194 1

15860 11055 293 99 BAY
16205 11055 567 99 STREET
16824 11088 203 66 cor.
17093 11060 780 99 THOMPSON
17910 10994 567 184 AtEeM

16261 11216 775 99 STAPLETON,
17093 11220 487 90 STATEN
17636 11154 576 170 ISlMid.
18321 11154 57 165 I

15945 11357 321 71 Choice
16313 11357 298 85 wines,
16649 11376 307 71 segars,
16994 11367 161 66 and
17178 11362 113 71 all
17329 11367 364 66 kfndsof
17735 11324 425 142 liq^KrF

15855 11443 85 80 ly
15978 11466 109 47 on
16157 11447 246 66 hand.
16498 11447 364 71 Pickled
16928 11457 359 80 oysters,
17357 11452 288 80 clams,
17712 11433 515 118 pig^Met,

15850 11532 231 99 tripe
16124 11532 317 90 always
16474 11532 298 90 ready;
16824 11537 189 66 free
17065 11537 260 71 lunch
17386 11546 85 61 at
17537 11537 109 71 all
17717 11528 392 85 iwuM*

15846 11617 165 66 and
16054 11622 265 80 early.
18227 11617 14 99 I
18335 11617 90 99 J

15950 11745 420 151 Old
16427 11745 520 156 IFire
17022 11688 1455 293 Mepartmljtß

15954 11901 14 236 .
16058 12071 80 14 „
16200 12057 24 24 .
16394 11981 614 109 .COUGH
17145 11981 704 118 MIXTURE,
18024 11901 430 236 jMI

16049 12165 198 71 FOR
16323 12165 444 94 COUGHS,
16871 12170 359 85 COLDS,
17310 12175 217 71 AND
17622 12146 822 146 HOABSENj|*M

15855 12307 317 71 Which
16214 12312 66 66 is
16318 12326 161 52 one
16517 12312 94 66 of
16644 12312 146 71 the
16828 12312 274 76 oldest
17135 12312 165 76 and
17334 12317 194 76 best
17561 12321 430 71 remedies

15855 12392 113 76 its
16002 12411 397 71 purpose.
18123 12397 94 71 A

16063 12482 472 161 Price,
16635 12482 180 142 35
16899 12501 449 132 cents
17433 12534 269 132 per
17787 12482 643 156 bottiw

15935 12680 180 76 Ask
16153 12699 217 71 your
16403 12685 406 85 Druggist
16838 12690 142 71 for
17022 12690 66 71 it
17126 12690 165 71 and
17324 12694 203 71 take
17565 12713 109 52 no
17745 12699 279 71 other.

15846 12780 151 76 get
16035 12770 66 71 it-
16134 12770 180 71 also
16346 12775 90 66 at
16469 12775 146 66 the
16649 12765 463 99 following
17140 12780 307 85 depots
17480 12784 90 66 in
17598 12780 213 76 New
17858 12770 402 94 York®^,
18298 12780 128 85 ■

15935 12855 425 71 SIMEON
16403 12855 572 85 NAUHEIM,
17013 12865 510 90 Pharmacy,
17589 12869 85 76 44
17740 12831 709 113 Third-Mr^H

15846 12935 425 76 Wooster.
16309 12940 208 71 New
16569 12940 265 76 York.

15931 13025 458 80 SAMUEL
16436 13035 99 80 T.
16625 13035 609 94 BENDINER,
17315 13044 506 94 Pharmacy,
17887 13054 85 76 47
18038 13044 151 94 T1
18213 13002 71 80 U
18293 13030 161 109 B

15846 13134 302 61 corner
16181 13124 321 85 Wth-st,
16545 13124 213 71 New
16805 13124 265 80 York.

15935 13209 487 71 HERMAN
16474 13214 780 90 JACUBOWSKI,
17291 13224 501 90 Pharmacy,
17839 13233 85 71 36
17967 13233 118 71 1-2

15841 13313 208 57 near
16082 13299 397 85 Canal-st,
16535 13299 208 80 New
16800 13304 269 76 York.
17972 13313 47 66 C
18080 13299 9 85 ■

15931 13384 104 71 U.
16077 13389 128 71 W.
16247 13389 472 85 BECKER,
16757 13394 501 94 Pharmacy,
17301 13398 482 90 Stapleton,
17820 13403 85 76 S.
17948 13380 76 109 f,'
18033 13389 61 66 a
18170 13365 52 118 l

15931 13474 184 90 Buy
16157 13493 109 52 no
16299 13493 236 61 more
16578 13479 293 76 Cheap
16909 13488 491 85 Coloonesi,
17447 13493 156 71 but
17665 13502 146 76 get
17877 13493 146 76 son
18189 13469 288 109 188

15841 13578 307 76 money
16186 13564 151 71 the
16370 13569 175 76 res!
16597 13569 340 76 French
18180 13554 85 85 li
18302 13554 113 85 ■

15846 13715 657 189 Extract
16611 13724 175 180 of
16833 13724 869 189 Mountain
17759 13734 359 189 Flo\
18118 13658 359 269 lll

15926 13956 184 76 The
16143 13961 260 71 finest
16446 13965 402 80 perfume
16913 13965 146 71 for
17121 13965 151 71 the
17339 13970 643 76 handkerchief
18019 13923 203 118 kJ
18283 13923 194 132 toll!

15836 14046 189 66 sold
16058 14046 113 85 by
16205 14046 435 90 druggists
16677 14050 161 71 and
16871 14050 373 76 dealers.
18435 14055 43 71 J

15836 14131 241 71 Trial
16110 14135 213 85 size,
16356 14135 85 66 25
16474 14140 170 80 cts;
16696 14135 416 90 medium,
17150 14145 85 71 50
17268 14150 170 76 cts;
17485 14145 231 90 large
17769 14145 312 90 bottjß
18123 14159 123 76 ffl
18369 14150 109 85 Fl

15836 14220 175 71 sale
16049 14225 90 66 at
16172 14220 151 71 the
16356 14220 274 76 above
16663 14225 340 85 depots.
17981 14211 170 104 ®I
18378 14211 99 85 ml

15935 14306 128 71 On
16091 14310 345 80 receipt
16469 14310 90 71 of
16597 14310 198 85 $5,1
16833 14315 184 76 will
17050 14315 208 76 send
17296 14334 165 57 one
17494 14320 184 71 half
17712 14315 765 99 dozenKw^tlesll

15841 14391 231 90 large
16110 14400 175 66 size
16323 14400 406 66 Extract
16767 14414 104 61 of
16904 14400 482 76 Mountain
17424 14409 425 71 Flowers
17882 14400 307 94 toßafy
18227 14428 184 66 Dart
18444 14428 33 66 fl

15841 14480 151 71 the
16035 14480 326 76 United
16413 14485 317 71 States.
18222 14457 52 52 v

16904 14575 175 128 U.
17202 14580 250 123 W.
17575 14584 694 142 Becker,

15865 14844 47 9 _
15935 14735 198 76 Sole
16167 14735 543 94 Proprietor.
17745 14702 402 165 Staple^
18156 14783 80 66 n,
18274 14769 80 71 S.
18392 14764 71 80 I.

16687 14887 1006 128 REMOVAL
18043 14830 80 151 9

18047 15024 52 61 F

15926 15076 184 71 The
16148 15076 203 76 well
16384 15076 317 76 known
16734 15090 373 76 caterer,
17140 15085 784 85 GRANDERSON
17962 15094 515 85 WATKINS

15846 15231 146 71 has
16025 15236 416 76 removed
16469 15241 236 71 from
16739 15241 128 71 111
16899 15246 217 76 west
17150 15246 775 90 Twenty-seventh
17957 15265 279 66 street
18279 15265 94 71 to

16011 15354 227 123 145
16304 15383 317 99 west
16682 15369 1167 161 Twenty-Seventh
17910 15383 463 156 Street,
18472 15354 5 208 |

15846 15548 326 76 Where
16205 15553 113 76 he
16351 15553 151 80 has
16540 15557 250 76 fitted
16824 15576 118 76 up
16994 15581 113 61 an
17173 15567 345 90 elegant
17580 15576 165 71 and
17811 15576 198 76 well
18076 15581 402 90 appoints

15983 15680 987 104 RESTAURANT
17046 15694 307 94 AND
18165 15789 71 14 _
18359 15643 118 213 J

17135 15865 576 113 OYSTER
17806 15869 671 184 SALOONJ

15935 16054 146 80 My
16115 16054 491 85 enterprise
16672 16058 165 66 and
16871 16058 198 85 long
17126 16063 529 85 experience
17721 16068 90 71 in
17844 16072 156 71 the
18033 16077 444 71 business

15846 16167 203 76 well
16082 16167 321 80 known
16436 16176 90 71 to
16564 16176 151 76 the
16748 16176 307 94 public
17083 16181 165 80 and
17282 16195 420 80 warrants
17735 16209 142 66 me
17943 16195 94 80 In
18099 16200 156 80 the
18317 16134 161 146 hJI

15850 16294 94 76 of
15978 16313 52 52 a
16063 16299 444 71 continual
16545 16313 496 85 patronage.
18435 16299 43 66 •

15935 16413 420 80 Families
16389 16422 312 71 served
16743 16431 90 66 at
16871 16427 231 71 their
17145 16431 529 94 residences,
17740 16436 113 94 by
17915 16441 156 80 the
18132 16446 255 80 week
18449 16465 28 61 o

15855 16535 335 80 month.

15983 16668 335 99 Table
16394 16668 524 109 Boarders
17003 16677 151 109 by
17225 16682 184 99 the
17499 16687 236 113 Day
17816 16724 118 71 or
18028 16701 373 132 Wee^
18472 16668 5 165 1

15850 16819 780 85 GRANDERSON
16720 16833 576 94 WATKINS,
17372 16843 539 94 Proprietor.

17117 16965 524 80 WILLIAM
17693 16980 109 71 H.
17849 16980 312 90 CALN,
18213 16951 265 123 BB

15969 17112 992 123 I'UOFESSOK
17046 17126 557 118 JAMES
17717 17140 142 113 A.
17981 17046 435 217 BA:®

15945 17301 217 85 The
16233 17306 581 90 celebrated
16866 17315 609 113 Astrologer
17542 17329 208 80 and
17806 17334 406 90 Oneiroi

15850 17400 383 85 Master
16266 17409 104 76 of
16417 17414 180 71 the

15850 17546 1002 203 Mystic
16980 17565 496 161 Art
17580 17575 265 156 of
17953 17532 463 208 vB

16762 17769 883 194 douism,
18198 17731 198 203 H

15940 17991 454 76 President
16427 17995 94 71 of
16554 17995 146 76 the
16739 18000 236 90 Long
17008 18005 283 71 Island
17329 18009 279 76 Board
17641 18019 99 66 of
17773 18019 227 76 Root
18057 17962 331 137 an<S

15850 18076 397 80 Doctors,
16280 18085 293 66 whose
16606 18085 198 71 skill
16843 18109 90 47 as
16965 18109 52 52 a
17060 18090 288 71 ROOT
17400 18099 241 66 AND
17688 18099 307 76 HERB
18043 18085 345 99 DE*B

15850 18161 369 71 extends
16252 18161 581 99 thoroughout
16866 18175 146 76 the
17050 18175 326 76 United
17428 18184 317 80 States.
17835 18156 406 118 Desires*
18269 18189 113 85 Il

15846 18265 345 99 pounce
16224 18260 90 71 to
16351 18255 137 76 his
16521 18269 345 80 patrons
16899 18269 161 76 and
17098 18269 146 76 the
17282 18274 302 90 public
17617 18279 90 76 In
17740 18288 350 76 general
18170 18255 19 109 *
18269 18265 128 99 ■

15850 18340 151 71 has
16035 18345 435 85 reopened
16502 18369 109 52 an
16644 18354 246 71 office
16923 18359 165 66 and
17135 18364 231 66 store
17414 18369 94 61 at
18061 18383 128 66 cu

15969 18439 184 90 131
16233 18439 298 94 West
16620 18444 246 90 30th
16937 18444 383 123 Street,
17395 18449 260 94 New
17778 18454 317 123 York,
18274 18454 123 99 ■

15940 18591 241 76 With
16219 18609 47 61 a
16299 18609 85 61 hi
16408 18600 326 76 st-class
16762 18605 255 76 stock
17079 18609 99 76 of
17244 18605 293 80 ROOT
17603 18614 170 76 and

15855 18680 359 76 CINES.
16299 18690 369 71 Persons
16701 18694 420 90 suffering
17150 18699 222 71 from
17419 18699 194 76 Evil
17646 18709 307 80 Spells.
17995 18680 392 109 Hiraß

15855 18770 298 71 Stolen
16214 18784 435 76 property,
16720 18780 335 90 Family
17121 18784 444 90 Troubles,
17631 18789 231 76 Lave
17929 18789 146 80 Mr

15846 18855 250 76 those
16134 18855 699 99 Contemplating
16866 18865 406 90 Divorce,
17310 18874 180 76 will
17528 18879 170 76 find
17740 18883 71 76 it
17844 18888 90 66 to
17967 18888 170 76 tlir
18161 18850 227 113 ^B

15850 18954 132 66 est
16011 18954 94 66 to
16139 18950 194 71 call.
16427 18950 534 80 References
16989 18964 293 85 given.

15935 19044 184 76 IW
16153 19035 180 76 The
16370 19044 203 85 only
16635 19044 241 85 place
16937 19049 90 66 in
17074 19049 180 71 this
17315 19063 369 80 country
17731 19063 288 71 where

15846 19120 236 90 pion,
16115 19120 387 90 Lizzard,
16540 19129 260 90 Frogs
16833 19134 161 71 and
17031 19134 279 80 Toads
17343 19157 142 57 are
17532 19162 113 57 on
17693 19148 340 80 exhibit
18222 19120 184 113 ^B

15931 19214 250 76 Store
16219 19233 222 76 open
16474 19219 227 76 from
16729 19219 553 85 7a.m.t010
17315 19252 80 71 p.
17428 19252 118 57 m.
17641 19233 269 85 Office
17976 19219 425 104 Emenß

15846 19299 80 76 11
15969 19299 85 80 30
16087 19323 80 71 p.
16205 19323 118 66 m.

18028 19417 94 90 ;e
18208 19380 198 104 vB

15945 19531 553 189 THE
16649 19540 709 194 NEW-
17452 19460 964 369 SOU^I

15841 19800 80 66 A
15954 19795 553 90 Progressive
16545 19800 553 85 Democratic
17145 19809 302 90 Paper,
17480 19819 378 80 devoted
17920 19828 90 71 to
18038 19753 61 66 3

15841 19885 217 85 tlon,
16096 19885 146 76 the
16285 19890 496 94 Industrial,
16819 19899 619 99 Agricultural,
17485 19909 402 90 Mineral,
17953 19885 458 113 Edureßl

15841 19980 165 71 and
16068 19975 364 76 General
16498 19980 638 94 Development
17197 19994 94 71 of
17357 19975 274 99 North
17698 19998 335 80 Carolin

15841 20065 302 76 South.
16233 20065 321 76 Edited
16587 20074 137 85 by;
18052 20055 364 128 SUC^B

16101 20220 883 146 EDWARD
17093 20235 175 142 A-

16006 20447 345 80 Anther
16384 20452 90 76 of
16512 20461 47 33 “
16602 20452 227 80 THE
16866 20461 510 80 COLORED
17419 20428 482 137 MAN’jL„,

15917 20641 189 76 The
16143 20646 213 71 New
16394 20650 283 71 South
16720 20655 66 66 is
16828 20655 378 90 friendly
17239 20669 94 61 to
17367 20665 151 66 the

15827 20731 397 66 contains
16285 20750 47 47 a
16398 20735 553 85 department
17008 20745 99 85 qf
17169 20750 364 66 matters
17565 20721 156 104 ruin

15831 20806 80 71 It
15978 20811 151 71 has
16191 20816 411 76 received
16663 20820 425 94 flatterin',
17173 20839 236 76 press
17480 20844 128 80 n</
17769 20797 298 99 IRP.o

15827 20910 260 99 every
16153 20906 345 80 colored
16564 20929 265 76 paper
16890 20915 90 76 in
17046 20920 99 76 tP
17145 20901 52 57 6
17192 20962 61 61 &
17254 20896 364 128 .county.
17603 20896 28 76 l
17646 20910 151 109 ^
17863 20920 543 90 OfioWkM

15827 20986 279 80 North
16167 20995 165 71 and
16398 21000 472 76 elsewhere
17287 21047 43 47 x
17329 21009 123 76 >e
17476 21019 57 80 /
17570 21033 227 66 rrm^
17896 20986 331 113 W7^
18279 20995 132 99 W

15827 21094 383 66 progress
16309 21085 146 66 the
16526 21085 364 71 Colored
16942 21061 331 113 liac^L
17943 21094 227 80 tact.
18298 21085 109 80 ■

15822 21156 307 76 should
16195 21165 449 80 subscribe
16710 21180 90 71 at
16866 21189 246 66 pace,
17773 21184 180 76 also
17986 21156 14 104 i
18198 21156 9 104 '
18274 21203 128 52 m

15822 21250 213 76 with
16072 21255 156 76 the
16261 21255 647 85 inexhaustible
16942 21246 454 161 resoul^
17745 21279 350 99 Souhag
18142 21246 260 109 alB

15798 21416 5 123 1
15907 21425 633 90 Subscription,
16606 21439 94 80 $2
16762 21454 156 71 per
16975 21458 241 76 year;
17263 21416 543 118 'Ubliuiglx
17863 21420 265 118 moty

15817 21506 217 80 with
16068 21515 151 71 the
16252 21520 279 76 order.
16620 21524 406 90 Address,
17301 21524 43 90 (
17646 21487 61 52 *
18000 21567 57 47 h

16120 21600 222 80 THE
16380 21609 255 76 new
16677 21619 369 76 south
17079 21624 302 85 pubs
17438 21595 340 99 and-n
17820 21586 586 109 noderAß

16677 21699 600 99 Wilmington,
17310 21709 85 80 Ji
17494 21756 137 33 ...
17995 21756 43 43 □
18165 21676 241 132 JU

17362 21756 345 128 public
17754 21756 189 175 n.-..
17981 21756 416 175 ^^B

16016 21917 841 161 Minnie
17031 21940 213 151 &
17353 21950 47 146 J
17499 21945 109 85 to
17665 21969 411 104 respect

16049 22129 2362 326 PRINTF-M

16417 22474 213 80 130
16724 22483 307 80 went
17065 22488 298 90 26th
17443 22498 165 85 Sh
17683 22431 520 189 honor^j

15898 22592 156 76 We
16120 22602 283 71 would
16474 22616 572 90 respectfully
17112 22625 321 71 inform
17509 22635 165 80 thR
17721 22630 156 94 set
17929 22559 269 170 ofl

15808 22677 293 76 Globe
16139 22691 161 66 and
16342 22706 156 57 our
16535 22696 331 71 friends
16909 22706 85 66 in
17027 22715 350 80 general
17409 22720 175 66 the-
17717 22677 52 43 “
17991 22677 189 118 IB
18293 22706 52 61 ?

15808 22772 90 66 to
15945 22781 378 66 execute
16361 22776 298 80 orders
16696 22786 137 76 for
16871 22791 146 85 job
17060 22781 614 104 prlntlnaflloe
17816 22767 9 118 '
17863 22786 47 57 ‘■*
17915 22781 43 66 t
18024 22767 359 118 '^HB'

15898 22871 47 57 r
15969 22876 94 57 or
16096 22866 151 76 the
16285 22876 591 80 convenience
16913 22885 94 76 of
17046 22890 146 76 the
17230 22890 71 76 M
17759 22918 47 38 =
17844 22866 90 76 in
17972 22866 80 76 al
18057 22857 161 118 B

15813 22951 250 71 other
16101 22965 751 90 entertainments,
16894 22998 128 52 we
17065 22984 213 66 have
17329 22965 227 94 aj.'"’
17698 22951 680 137 •nagersE^W

16143 23083 709 109 GENERAL
16923 23098 572 109 TICKET-
17556 23131 113 90 to

15808 23220 47 52 a
15888 23206 246 71 small
16205 23220 562 80 tommisMon
16819 23244 71 61 w
16904 23230 94 71 m
17079 23230 99 80 be
17258 23239 307 90 .barge
17858 23197 137 128 P

15822 23306 321 66 iCKeu.
17854 23296 146 76 ku
