18984 25413
420 1531 118 104 n
557 1578 85 118 n
657 1498 477 170 .Town
1200 1431 435 194 Office
1701 1403 175 184 of
1951 1398 331 180 The
2395 1384 472 194 Globe

439 1606 94 128 U
746 1791 99 94 I3
850 1781 52 66 O
945 1743 246 90 west
1243 1677 789 132 Twenty-sixth
2083 1677 406 94 Street.

978 1956 770 128 SUBSCRIPTION
1805 1946 406 80 KATES:

487 2230 458 142 IFlHnonths
992 2254 331 142 V^one
1356 2296 255 80 dollar
1644 2282 161 76 and
1843 2277 506 85 fiftyicents.

496 2381 274 94 Twelve
803 2334 317 94 months.
1157 2320 109 71 0n
1356 2320 47 57 a
1431 2320 24 47 >
1956 2367 85 71 tn
2088 2362 383 71 advance
2598 2357 321 76 Namea

491 2480 113 90 An
633 2480 104 151 ^
746 2461 43 66 b
770 2561 43 71 p
817 2433 227 175 ®
1049 2428 151 151 ee2
1224 2405 449 170 darter
1710 2466 146 71 not
2192 2447 506 94 expiration
2764 2452 151 76 has

435 2674 180 76 been
657 2641 236 90 given.

713 2787 411 113 rtigements
1167 2750 359 94 inserted
1559 2754 90 66 at
1677 2740 165 76 low
1885 2745 260 66 rates.
2235 2731 477 76 Estimates
2745 2731 132 80 fur-

449 2920 265 90 nisbed.
1115 2934 345 76 wishing
1488 2929 90 66 to
1611 2910 444 76 subscribe
2088 2924 161 52 can
2282 2906 222 76 have
2570 2910 156 71 the
2787 2929 137 71 pa.

515 3019 113 80 All
657 2995 269 99 persons
959 2962 128 71 not
1115 2953 231 66 wM>
1394 2953 94 132 £
1512 3000 302 76 month
1904 2995 411 80 Address>

454 3132 113 76 per
591 3076 231 104 served
1356 3104 113 80 ie
1521 3094 76 85 &
1663 3085 548 85 H.ODGEB.

732 3189 14 109 ,
822 3260 33 38 i
1068 3222 435 76 collectors
1535 3198 161 76 and
1743 3189 524 90 Canvassing
2301 3189 364 90 Agents.

643 3274 151 85 8016
822 3260 94 76 U
935 3265 104 137 i|j
1077 3317 189 71 west
1304 3279 624 94 Twenty-sixth
1965 3255 321 94 Street

978 3595 496 146 local
1569 3581 657 128 gossip.

581 3973 52 33 „
893 3912 392 94 evening
1328 3893 104 94 of
1521 3879 581 99 December
2206 3883 283 123 13th,
2546 3883 373 99 Hiram

798 4077 137 113 Xo
1011 4020 534 146 23.F.auJ
1620 4020 128 109 A.
1814 4016 198 137 M.,
2112 4020 123 113 of
2320 4020 591 146 Brooklyn,

912 4243 52 57 a
1011 4181 520 109 handsome
1578 4157 246 128 gold
1876 4162 302 123 jewel
2258 4172 109 85 to
2466 4162 411 104 Illustri-

491 4276 307 165 ^^ro
869 4332 132 99 W.
1054 4318 104 99 C.
1209 4309 132 99 H.
1394 4290 383 118 Curtis,
1833 4294 118 94 of
1998 4290 184 94 the
2220 4290 255 94 33rd
2504 4290 416 128 degree,

491 4431 47 66 0
798 4441 482 118 WG.M.
1328 4441 109 99 of
1488 4431 170 99 the
1715 4422 364 104 Grand
2126 4422 369 132 Lodge
2546 4431 118 94 of
2735 4431 189 99 the

501 4531 132 109 and
666 4569 90 38 *•
912 4531 14 151 *
1039 4531 340 151 v*York
2726 4630 43 38 e

510 4663 581 180 ^^RtReT
1134 4720 94 99 J-
1280 4710 142 104 M.
1469 4696 85 104 B
1564 4724 279 76 rown
1890 4729 90 57 w
1994 4696 109 99 ‘^
2154 4696 392 128 preach
2589 4696 104 104 in
2750 4696 165 104 St.

657 4913 43 47 r
789 4904 33 57 i
921 4866 71 94 V
1082 4861 118 99 E.
1276 4833 439 118 Church,
1814 4828 312 104 158th
2230 4843 359 113 street,
2655 4852 109 85 at
2858 4838 66 99 3

520 4918 161 123 *
761 5008 335 113 Wto
1143 4984 567 104 afternoon.

524 5107 66 71 K
643 5187 109 85 kt'
780 5169 113 104 the
945 5131 472 113 residence
1493 5112 109 99 of
1696 5107 217 99 Mrs
2013 5102 241 104 Wm
2348 5107 567 132 Douglass,

548 5291 321 118 wiGcld
902 5272 312 109 street,
1304 5254 80 94 B
1389 5239 279 104 rookl
1682 5268 66 99 y
1753 5268 76 66 n
1838 5310 28 52 ’
1946 5268 142 66 on
2178 5239 439 137 Sunday
2669 5244 246 128 last,

548 5362 128 85 **
713 5466 71 47 tv
817 5424 274 90 tmesis
1129 5400 146 99 sat
1323 5386 293 104 down
1668 5391 109 85 to
1824 5409 66 66 a
1942 5376 231 104 well
2225 5376 317 109 laden
2598 5381 317 128 table,

534 5490 33 189 J
572 5490 132 76 wen
808 5584 80 76 td
921 5556 170 94 gp.
1143 5561 142 90 m.,
1332 5523 99 99 in
1479 5518 331 94 honor
1857 5513 113 94 of
2065 5513 222 99 Mrs
2343 5513 572 132 Warwick,

572 5740 28 85 f
638 5674 562 146 Philadelphia.
1332 5655 213 109 The
1635 5650 373 99 dinner
2093 5679 213 76 was
2395 5650 109 109 in
2603 5688 321 109 every

699 5882 90 61 an
831 5806 458 137 enjoyable
1332 5792 203 109 and
1587 5787 468 128 pleasing
2102 5825 241 71 one.
2490 5797 435 132 Among

524 5877 534 208 Present
1101 5967 231 71 were
1389 5934 113 94 R-
1545 5924 402 128 Mayes,
1984 5924 236 99 wife
2258 5929 208 99 and
2513 5929 340 132 daugh-

524 6180 24 28 ,
680 6118 118 104 yr
831 6104 156 104 and
1030 6085 184 104 Mrs
1261 6066 491 109 Pattison,
1814 6052 170 104 Mr
2031 6061 213 99 and
2339 6061 222 104 Mrs
2613 6066 312 104 Bar«-

524 6170 156 161 Sd
756 6241 118 90 Mr
912 6222 165 109 and
1115 6213 189 99 Mrs
1351 6189 557 132 Hopewell,
1965 6189 539 109 Madames
2542 6198 383 132 Hodge

614 6397 43 104 d
694 6373 274 123 Lewis,
1011 6350 213 113 Miss
1276 6331 439 109 Braxton
1762 6326 213 109 and
2027 6321 170 113 Mr
2249 6331 416 113 Fisher.

609 6543 104 99 On
756 6524 128 104 the
921 6496 359 118 evening
1328 6477 104 99 of
1521 6468 180 99 the
1791 6468 246 99 10th
2093 6472 217 104 inst
2357 6477 298 104 there
2707 6482 217 104 will

524 6685 85 90 be
643 6709 38 61 a
709 6647 279 113 Public
1025 6609 600 123 Installation
1668 6605 113 94 of
1847 6600 576 109 Thaddeus
2471 6609 454 109 Stevens

534 6817 165 94 Post
732 6789 137 109 255
912 6775 99 104 G.
1054 6770 104 94 A.
1214 6756 109 104 R.
1380 6756 99 94 at
1526 6742 274 99 their
1847 6737 803 137 headquarters,
2707 6751 208 104 No.

529 6935 250 118 996th
813 6945 175 85 ave.
1101 6912 123 90 As
1290 6888 222 123 they
1587 6874 350 104 risked
2031 6879 283 104 their
2395 6883 269 104 lives
2754 6893 170 104 for

529 7087 118 99 the
690 7039 539 146 preservation
1313 7025 99 94 of
1479 7016 175 99 the
1743 7025 458 128 country
2287 7054 151 66 we
2532 7025 392 109 should

534 7238 217 90 never
784 7200 109 99 let
935 7219 99 71 an
1072 7157 614 151 opportunity
1729 7181 241 104 pass
2022 7153 137 132 by
2211 7157 109 104 in
2372 7162 345 104 which
2769 7200 156 71 we

534 7346 217 113 could
775 7337 213 104 show
1030 7351 146 66 our
1224 7290 652 142 appreciation
1980 7290 165 104 for
2235 7294 283 109 their
2603 7304 321 104 noble

534 7483 231 113 deeds
798 7474 85 99 of
935 7460 208 104 valor
1214 7474 109 66 on
1403 7431 165 99 the
1663 7422 335 109 battle
2079 7431 279 99 field.
2461 7441 203 99 •As
2735 7441 189 104 the

491 7564 5 170 i
539 7564 416 170 ^mission
1020 7597 61 94 is
1139 7578 189 128 only
1365 7569 113 94 10
1569 7569 298 94 cents
1956 7597 151 66 we
2187 7569 274 132 hope
2556 7578 113 99 to
2745 7606 170 76 see

543 7767 123 99 the
732 7743 161 109 hall
978 7710 359 123 crowded
1436 7734 128 71 on
1649 7696 180 104 the
1918 7701 340 109 above
2348 7720 529 104 occasion.

491 7838 9 151 I
557 7899 175 90 Give
756 7899 170 76 true
959 7871 255 94 honor
1243 7857 104 85 its
1389 7838 430 99 merited
1866 7843 444 99 reward.

491 7994 33 118 I
647 8022 146 109 Rev
860 8003 94 104 D.
1006 7989 128 109 W.
1191 7975 378 118 Wisher,
1668 7965 227 109 Rev
1994 7970 241 109 Wm
2334 7975 123 109 T.
2570 7980 345 113 Dixon

491 8088 208 189 land
751 8154 161 104 Rev
1261 8121 43 104 ^
1323 8131 194 90 eter
1559 8112 66 99 ^
1635 8145 132 71 av
1776 8145 47 123 ?
1890 8112 269 109 been
2211 8121 392 109 elected
2646 8140 217 90 trus-

491 8287 66 113 ■
581 8329 123 80 tees
756 8291 76 94 of
917 8272 307 94 Grimes
1304 8254 184 99 and
1578 8249 548 104 Anderson
2230 8254 690 142 Theological

491 8362 76 170 I
595 8433 317 123 Seminary
940 8409 76 104 in
1063 8391 643 132 Washington.

491 8523 85 109 ■
676 8542 406 132 ^Lizzie
1120 8523 406 113 Stillwell
1578 8528 307 123 spent
1980 8523 180 99 the
2235 8528 482 137 holidays
2811 8542 109 99 in

491 8679 515 146 ■W^P^
1011 8712 47 66 8
1068 8754 24 43 ’
1134 8698 104 76 an
1247 8665 57 99 ^
1380 8698 76 66 w
1469 8655 99 109 'b
1639 8655 250 109 visit
1965 8655 723 151 Washington
2745 8679 113 109 be-

491 8844 118 99 ■
643 8863 123 94 lore
798 8820 350 123 reining
1209 8811 302 99 home.

491 8934 123 113 ■
713 8981 208 104 Messrs
950 8962 85 94 It.
1087 8948 113 99 H.
1285 8948 326 94 Staten
1701 8934 213 104 and
2003 8939 109 104 J.
2192 8943 128 99 D.
2424 8943 491 118 Denham

491 9047 761 175 BjreDiafewdays
1299 9085 90 90 in
1460 9076 761 132 Philadelphia,
2320 9085 213 99 last
2584 9090 331 104 week.

491 9184 132 128 ■
709 9241 184 99 While
926 9222 321 118 bidding
1304 9217 283 94 adieu
1677 9217 109 90 to
1857 9213 175 94 old
2107 9213 165 94 ’B2
2367 9217 213 94 and
2674 9222 250 104 wel-

491 9312 369 165 Bmir
883 9369 61 99 io
983 9359 128 104 the
1157 9383 184 76 new
1394 9345 184 118 ’B3,
1635 9340 165 113 Mr
1876 9345 208 109 and
2178 9350 231 104 Mrs
2504 9354 406 113 Robert

491 9468 340 161 ■dudes
855 9496 510 109 entertained
1403 9529 57 57 a
1507 9496 194 90 few
1748 9491 397 94 friends
2183 9501 109 90 at
2348 9496 274 99 their
2669 9506 194 99 resi-

491 9595 472 156 ■ence.22o
1002 9643 198 80 west
1238 9619 217 99 26th
1502 9628 350 90 street.

491 9723 123 146 B
699 9775 189 113 Frank
1016 9756 430 123 Mitchell,
1535 9756 175 99 the
1824 9756 425 109 colored
2362 9780 539 113 gymnast,

491 9865 397 175 Bktdyof
921 9907 189 90 New
1148 9898 406 113 Orleans,
1602 9921 260 94 gave
1918 9921 118 66 us
2088 9926 57 61 a
2197 9898 317 99 social
2565 9902 246 94 call.

491 9992 132 156 B
699 10049 85 109 Mr
803 10039 260 109 Robert
1110 10030 90 113 B.
1247 10025 496 132 Williams,
1795 10025 109 104 of
1984 10025 302 137 Yale,
2348 10030 298 137 1885,
2693 10072 217 76 was

491 10143 553 175 Blhegubtof
1082 10181 132 99 Mr
1252 10172 241 104 Chas
1578 10176 123 94 A.
1809 10172 392 104 Minnie
2296 10176 392 132 during
2735 10186 180 99 the

491 10276 274 156 ■lev
789 10318 241 104 Year's
1068 10309 430 132 holidays.

491 10417 142 146 M
694 10460 118 99 Mrs
846 10455 283 94 Robert
1176 10450 548 109 McKenney
1776 10446 468 99 received
2343 10450 189 94 142
2631 10455 260 99 calls

491 10550 392 170 ■unary
926 10592 71 90 1.
1115 10583 161 94 Her
1313 10578 520 99 collection
1923 10583 113 94 of
2126 10583 302 104 cards
2523 10587 85 99 is
2665 10620 250 104 very

491 10696 321 142 ■diice
841 10724 151 104 and
1035 10724 335 123 unique.

491 10824 165 142 ■
718 10871 94 104 ks
855 10866 80 99 S.
1002 10861 99 104 E.
1176 10857 647 132 Montgomery
1880 10861 472 104 received
2405 10866 189 99 102
2636 10866 265 109 calls

491 10975 269 137 ■ft*
789 10998 255 109 Year’s
1082 10998 208 123 Day.

491 11098 189 156 {■
709 11135 392 109 feSidie
1148 11131 510 118 Anderson,
1710 11131 113 99 of
1876 11131 491 123 Norfolk,
2424 11135 213 104 Va.
2693 11145 213 99 and

940 11268 99 104 T.
1077 11263 524 128 Gallahorn,
1644 11268 109 99 of
1791 11268 444 132 Orange,
2291 11268 118 104 C.
2466 11268 444 137 H.,Va.,

491 11372 600 194 ^■eeslrried
1143 11409 151 94 last
1346 11400 520 142 Thursday
1913 11414 109 94 at
2102 11409 175 104 the
2376 11419 529 104 residence

491 11518 279 137 ■^2?
780 11518 208 123 Jev
1025 11542 123 99 W.
1209 11542 94 104 P.
1361 11542 354 132 Ryder,
1776 11546 227 104 who
2055 11551 557 104 officiated.

491 11655 170 132 ■
699 11679 477 104 fcMdward
1247 11679 345 128 Papers
1677 11688 458 99 received
2225 11688 184 99 her
2494 11693 420 104 visitors

491 11787 378 137 ■km
950 11820 161 104 Ist,
1191 11820 331 99 attired
1597 11820 99 94 in
1776 11820 180 99 her
2046 11825 345 104 bridal
2485 11830 250 104 robe
2787 11835 113 99 of

491 11929 548 142 ■msatin,
1087 11957 411 99 trimmed
1554 11957 241 104 with
1847 11962 482 104 brocade.

694 12128 80 71 t
917 12090 208 104 New
1285 12094 335 99 Year’s
1748 12104 524 128 reception
2409 12104 142 132 by
2688 12104 227 104 Mrs

652 12255 288 128 sejpue
978 12222 317 142 Boylej
1342 12265 189 66 was
1578 12231 496 123 brilliant,
2220 12331 47 19 ..

652 12359 378 104 Amin’s
1068 12345 694 146 TheaEre/the
1819 12373 71 52 “
1946 12354 354 118 White
2348 12369 317 113 Slave
2707 12378 61 47 ”
2825 12383 90 99 is

652 12496 19 146 r
756 12506 189 90 two
997 12496 350 99 weeks.
1483 12501 217 99 Mrs
1748 12506 364 99 Hine’s
2164 12515 293 99 vocal
2546 12529 373 113 troupe

690 12624 165 104 the
945 12628 487 132 choruses,
1578 12633 246 109 Miss
1928 12638 350 104 Bertie
2419 12647 496 109 Peterson

680 12765 198 128 gin
926 12765 170 104 the
1200 12770 198 104 solo
1488 12794 222 113 part
1757 12780 118 104 of
1946 12780 66 57 “
2074 12780 194 109 Old
2334 12784 581 146 Kentucky

704 13039 373 99 ender’s
1162 13049 274 90 three
1521 13044 326 99 shows
1956 13054 170 94 No
2230 13058 250 123 1,2,
2589 13063 217 99 and
2844 13063 61 99 3

803 13172 420 132 through
1276 13181 156 99 the
1517 13186 203 128 city
1757 13181 430 142 Sunday
2220 13219 132 80 en
2419 13205 288 99 route
2745 13200 170 104 for

704 13304 416 104 different
1167 13313 680 113 destinations.
1890 13351 38 52 •

713 13474 142 71 srs
940 13446 321 128 Henry
1342 13455 454 128 Donnell,
1880 13460 463 146 Westley
2433 13469 477 113 Stafford

704 13569 5 170 I
761 13583 217 104 rroll
1030 13587 501 132 Williams,
1587 13597 123 99 all
1753 13606 104 99 of
1923 13606 676 132 Alexandria,
2650 13616 255 123 Va.,

704 13720 9 161 I
742 13748 250 71 town
1035 13724 222 99 with
1294 13729 156 99 the
1493 13762 430 99 purpose
1989 13748 109 94 of
2169 13743 435 137 making
2693 13753 217 99 this

704 13838 539 123 Iresidence.

704 13961 71 132 is
813 13984 298 113 Hunn
1153 13994 194 109 late
1389 14003 104 104 of
1521 14003 302 109 Hunn
1876 14013 198 104 and
2117 14017 510 113 Hawkins
2679 14027 175 109 suf-

704 14117 24 113 i
756 14126 236 104 iroin
1030 14173 52 66 a
1124 14159 321 90 recent
1531 14150 576 109 altercation
2197 14159 132 104 he
2400 14164 213 109 had
2655 14173 255 99 with

704 14315 76 76 F
841 14268 156 94 the
1082 14306 524 99 managers.
1743 14291 146 94 He
1975 14296 80 94 is
2135 14329 231 66 now
2461 14306 449 132 playing

704 14391 128 113 lie
874 14400 227 104 Tom
1153 14409 57 43 ”
1257 14414 99 99 in
1408 14419 161 99 the
1611 14419 255 109 Chas
1913 14424 331 109 Smith
2296 14443 416 128 troupe.

704 14528 52 113 L
813 14551 463 113 quartette
1323 14561 510 123 composed
1899 14570 99 94 of
2069 14570 373 104 Messrs
2490 14575 411 128 Harris,

704 14702 142 94 Fh
888 14674 302 104 Truitt
1271 14688 194 99 and
1554 14688 359 109 Parker
1951 14702 246 104 have
2249 14707 260 109 been
2580 14717 331 104 heard

704 14802 387 142 through
1124 14820 165 104 the
1323 14825 288 109 Entr'
1620 14835 236 109 Ade
1899 14872 123 71 an
2065 14839 430 142 English
2532 14891 369 99 paper,

704 15009 57 71 r
846 14981 189 99 says
1134 14962 213 104 that
1394 14967 269 104 these
1701 14986 553 118 gentlemen
2301 14995 354 99 would
2769 14995 137 99 do

704 15080 180 156 sis
935 15090 208 128 they
1186 15104 283 99 could
1507 15109 213 128 sing
1767 15113 420 128 English
2244 15128 317 123 glees.
2707 15132 194 104 We

704 15227 137 90 ■to
874 15217 198 99 hear
1101 15227 208 104 that
1398 15241 156 94 the
1602 15250 340 94 advice
1998 15255 302 123 given
2353 15260 194 99 has
2631 15265 269 99 been

704 15350 198 123 ■l.
954 15359 113 99 At
1110 15392 364 80 present
1517 15373 227 137 they
1795 15416 161 66 are
1998 15392 416 137 singing
2461 15406 113 94 to
2617 15406 283 123 good

704 15501 184 137 pess
921 15520 76 71 in
1035 15491 411 113 London.
1521 15510 293 109 Their
1857 15553 298 109 many
2187 15529 392 109 friends
2631 15543 269 132 hope

704 15661 208 99 k™
978 15661 217 80 meet
1247 15647 222 99 with
1554 15685 392 80 success
1994 15666 104 104 in
2164 15671 269 109 their
2513 15680 387 104 under-

775 15893 24 90 h
841 15893 128 104 last
1002 15907 411 142 Tuesday
1455 15931 444 132 evening,
1951 15931 180 109 the
2206 15940 241 109 Star
2490 15945 406 109 Benefi-

775 16035 444 113 Association
1266 16049 146 109 No
1455 16058 90 104 1.
1587 16072 468 109 tendered
2107 16115 57 66 a
2211 16096 529 123 reception
2792 16106 109 99 to

1020 16191 14 156 ,
1106 16191 94 94 of
1257 16195 156 104 the
1517 16205 350 109 female
1932 16214 274 128 Star,
2324 16238 208 94 and
2631 16238 269 99 their

831 16328 118 76 sat
983 16318 128 99 the
1153 16356 189 71 new
1389 16337 189 99 hall
1663 16342 118 99 99
1819 16346 180 104 6th
2046 16384 435 76 avenue.
2584 16370 317 104 After

775 16446 288 104 I’dcome
1101 16460 364 118 address
1512 16474 123 137 by
1687 16479 520 118 President
2263 16498 425 109 Warren
2735 16512 151 104 M.

775 16597 137 85 TO
987 16602 392 113 speeches
1493 16649 241 71 were
1847 16630 298 99 made
2263 16635 132 128 by
2513 16639 387 109 Messrs

775 16729 312 132 ?push,
1129 16729 383 118 Randall
1573 16753 194 99 and
1833 16753 387 113 others.
2357 16767 165 113 Mr
2613 16776 283 109 John

775 16838 770 227 trained
1578 16885 170 109 the
1838 16913 359 118 guests
2277 16909 142 137 by
2466 16923 430 132 reading

775 17003 449 104 ^entitled
1266 17017 146 99 the
1460 17036 61 38 “
1573 17027 506 113 Phantom
2131 17041 392 132 Ship.”
2665 17060 222 99 The

775 17131 5 184 |
874 17131 198 156 7S“
1082 17173 85 66 as
1356 17131 19 184 •
1427 17154 458 142 Randall,
1942 17173 515 118 delivered
2523 17225 61 71 a
2665 17192 236 113 stir-

775 17291 85 170 L
860 17291 227 170 7T
1096 17306 38 71 S
1271 17296 449 137 referring
1791 17320 109 90 to
2065 17320 180 99 the
2386 17329 454 109 advance-

1110 17565 24 38 >
1243 17433 369 104 tltulion
1630 17513 24 24 -
1791 17447 647 118 Afterwards
2476 17466 180 109 the
2754 17471 142 109 la-

1706 17617 61 71 “
1795 17594 227 132 PriQ
2031 17594 146 109 “‘
2187 17627 71 104 J

775 18033 132 161 ling
1110 17962 85 99 ^
1200 18005 80 61 rS
1323 17981 85 99 8‘
1616 17991 340 113 White
2031 18038 132 66 on
2211 18014 255 104 New
2518 18024 383 99 Year’s

1791 18274 676 123 Coachmen’s
2542 18302 359 104 Union

775 18439 118 104 In
1290 18420 109 146 °I
1398 18425 99 71 er
1578 18406 57 113 $
1644 18406 14 161 :
1663 18411 326 104 -*Y3.42
2041 18430 104 90 to
2235 18430 180 99 the
2461 18439 435 123 society.

1696 18572 416 90 a,nount
2164 18595 213 76 was
2466 18576 430 104 refused

775 18770 180 90 ■ch
1498 18680 90 90 d'
1597 18709 99 66 Ba
1701 18761 57 43 »
1772 18718 392 76 reeraen
2178 18713 43 85 t
2268 18713 638 123 concerning

855 18902 534 151 '.Pennoyer
1427 18940 288 123 Jones
1776 18969 487 109 returned
2310 18978 279 109 from
2641 18987 265 104 New

855 19186 312 113 lodges
1219 19101 170 71 UeS<
1389 19077 43 99 ^
1431 19115 113 104 ay
1554 19162 24 47 ’
1630 19101 194 99 an(i
1871 19134 203 76 was
2164 19110 180 109 tllO
2391 19134 312 118 guest
2797 19129 109 99 of

855 19313 307 123 Misses
1200 19332 217 118 Bird
1493 19380 491 118 reception
2055 19398 118 90 of
2239 19394 184 99 the
2494 19394 345 109 Bache-

869 19465 123 85 ub
1063 19498 109 66 on
1257 19479 217 109 hew
1517 19493 345 118 dear’s
1946 19517 198 142 day
2202 19540 104 94 at
2376 19531 198 104 263
2650 19545 255 99 west

850 19625 104 184 h!
997 19677 109 132 ’r
1540 19644 595 123 substantial
2187 19677 208 99 and
2443 19672 406 137 hospiti-

1498 19776 137 165 iU^
1715 19814 151 71 cor
1866 19805 392 118 ®posed
2348 19809 118 99 of
2537 19843 364 94 young

846 19876 387 222 ^aded
1299 19890 156 109 the
1498 19899 557 137 Bachelor’s
2098 19975 57 71 a
2164 19951 47 90 t
2244 19942 222 109 this

1162 20022 269 189 ?v^
1436 20074 94 66 es
1540 20022 19 189 ’
1611 20050 217 104 Wm
1876 20065 99 99 n
1989 20145 24 24 -
2065 20074 383 128 Smith,
2499 20083 406 104 Robert

1195 20324 38 43 n
1294 20169 246 203 ^X
1564 20178 113 109 85
1691 20268 24 47 ’
1762 20169 236 203 Tull
2060 20169 57 203 7
2178 20169 534 203 McDaniel,
2764 20220 137 113 G.

850 20301 520 208 iedek^
1866 20334 387 123 Minnie
2334 20357 236 104 who
2622 20395 213 76 com-

855 20546 175 99 nks
1077 20457 1564 194 .S-^B-helofs,return
2693 20504 213 104 sin-

850 20721 24 66 J
912 20565 487 250 accorded
1427 20636 302 208 them?
1739 20608 113 109 dS
2381 20674 524 94 generoUS

1857 20891 109 99 of
2036 20901 184 104 125
2315 20920 250 94 west
2665 20920 241 104 31st

879 21094 94 99 ’k
1016 21000 246 194 ^trim
2065 21038 99 104 in
2220 21043 260 109 dark
2570 21090 321 94 green

1866 21203 52 71 S
1923 21208 66 104 P
1998 21180 298 109 auish
2367 21189 217 109 lace
2598 21274 24 47 ’
2702 21231 137 71 en-

869 21411 808 217 derdXniX'^
1748 21454 175 99 ,he
2017 21458 269 104 class
2381 21472 118 94 of
2589 21477 274 99 musi
2868 21529 38 14 '

883 21780 231 113 iaves
1195 21742 189 165 B^
1389 21756 241 109 eClU
1904 21751 38 85 t
1994 21770 90 71 ie
2173 21775 194 71 resi
2376 21751 66 94 d
2452 21780 52 71 e
2509 21780 194 76 nGo
2792 21761 113 94 °f

898 21850 482 180 aousM^
1450 21860 180 128 Iyn
1644 21945 24 43 ’
1724 21865 317 109 Frida
2046 21907 66 99 y
2159 21907 260 76 even
2424 21883 184 137 ing
2650 21888 246 113 last.

921 22077 90 52 .>*
1025 22002 572 184 J^prand
1672 22011 402 128 parlors
2121 22049 274 80 were
2443 22030 416 104 artistic-

940 22153 38 71 -7
1323 22143 132 99 vh
1498 22153 699 123 aesthetically
2235 22162 666 104 harmonized

1044 22309 222 137 again,
1299 22276 288 109 •'tires
1630 22280 113 99 of
1791 22285 180 104 the
2017 22285 364 142 ladies,
2433 22299 217 109 and
2698 22304 208 109 full

940 22465 246 113 tesrsj.
1228 22422 14 156 (
1276 22446 222 71 erno
1512 22455 104 66 n.
1762 22422 227 104 The
2074 22431 260 104 New
2428 22441 468 104 Yorkers

921 22597 222 137 Terri
1384 22554 236 104 ^at
1715 22559 260 146 they
2065 22564 213 113 had
2353 22587 189 99 not
2631 22578 265 113 been

1157 22696 194 109 •nd
1398 22734 66 71 a
1507 22696 430 146 literary
1994 22724 269 94 treat
2334 22724 165 99 for
2551 22762 61 66 a
2650 22729 246 128 long

931 22819 71 47 “
1044 22843 76 71 «
1162 22833 430 104 itations
1644 22847 118 94 of
1809 22852 180 94 the
2065 22852 373 104 Misses
2528 22857 369 109 Nahar

888 22975 137 94 ^s.
1077 22965 624 128 jD’Artoise
1743 22980 118 109 of
1932 22984 543 137 Norwalk,
2575 23003 317 132 piano

898 23154 128 76 i°w
1063 23154 113 109 the
1228 23112 383 175 ^^er
1616 23150 47 61 8
1677 23197 24 38 .
1748 23131 557 99 recitation
2376 23140 118 94 of
2532 23140 175 94 Mr
2750 23140 128 99 E.

1243 23277 222 137 F*'
1512 23254 71 66 S
1597 23287 24 24 ’
1706 23254 293 113 ^eon
2046 23263 151 109 Gr
2197 23301 137 109 ay
2400 23272 217 113 and
2665 23310 222 76 cor-

907 23480 146 90 PK
1106 23367 123 90 Mt
1233 23367 378 184 ^iann
1677 23433 265 71 were
1975 23409 137 99 all
2145 23409 241 104 that
2428 23452 208 94 any
2698 23452 123 71 au-

893 23561 118 146 foF
1063 23532 99 80 Ut
1243 23537 28 94 ^
1276 23565 113 66 re
1398 23613 24 19 ‘
1597 23537 94 99 -^
1706 23565 241 76 moH
1956 23575 76 99 g
2121 23546 184 99 the
2353 23561 534 128 strangers

1134 23665 496 137 Herbert,
1734 23679 435 104 brother
2230 23688 213 104 and
2537 23698 335 123 sister,

1039 23811 260 99 •bert
1389 23811 118 99 of
1602 23816 510 128 Trenton,
2187 23816 265 109 Miss
2546 23830 331 132 Daisy

1044 23943 231 118 bert
1318 23948 378 118 Terrill
1734 23957 118 113 of
1894 23948 454 151 Boston,
2395 23962 227 118 Mrs
2665 23943 217 142 anil

3076 1389 269 104 Miss
3392 1389 510 109 D’Artois
3978 1403 118 99 of
4143 1403 515 113 Norwalk
4706 1417 217 104 and
4989 1417 222 104 Mrs
5268 1417 529 113 Williams

3076 1531 118 99 of
3236 1526 609 132 Plainfield,
3898 1535 146 109 N.
4124 1540 113 104 J.

3227 1668 57 99 1
3350 1668 373 132 .rough
3770 1710 66 66 a
3869 1677 406 132 private
4313 1691 907 137 correspondence
5268 1696 198 109 has
5504 1701 279 109 been

3090 1805 444 118 gleaned
3591 1809 180 104 the
3822 1814 222 104 fact
4082 1819 241 109 that
4361 1828 170 104 Mr
4578 1828 378 104 Daniel
5008 1833 350 109 Seales
5409 1843 118 99 of
5575 1838 217 109 San

3085 1942 614 132 Francisco,
3775 1951 539 128 Cal.,.our
4413 1970 250 118 only
4734 1970 666 128 millionaire,
5490 1989 317 118 spent

3090 2083 180 99 the
3321 2079 491 137 holidays
3865 2098 260 94 with
4162 2098 161 99 his
4370 2102 378 132 family
4824 2117 113 90 at
5031 2107 165 99 his
5282 2117 524 104 beautiful

3085 2220 539 104 residence
3699 2258 146 71 on
3935 2225 605 113 Woodland
4635 2268 444 99 avenue,
5178 2239 624 137 Cleveland,

3090 2353 312 109 Ohio.
3548 2362 175 109 Mr
3756 2362 359 113 SealCs
4167 2367 194 109 has
4398 2386 302 94 made
4743 2386 746 132 twenty-eight
5537 2395 269 128 trips

3094 2504 109 90 to
3250 2490 586 118 California
3888 2509 392 132 during
4328 2509 165 109 his
4587 2546 638 104 prosperous
5315 2523 491 109 business

3099 2665 397 99 career,
3548 2641 217 104 and
3813 2674 132 71 on
4002 2650 217 99 this
4266 2650 165 104 his
4521 2655 213 99 last
4791 2655 132 104 he
5017 2665 506 104 returned
5622 2674 184 99 via

3104 2773 454 128 Mexico,
3657 2783 208 104 and
3954 2811 411 99 reports
4417 2787 184 99 the
4691 2787 302 109 West
5041 2825 118 71 as
5211 2797 321 132 being
5575 2806 113 94 in
5735 2839 66 71 a

3099 2906 643 132 flourishing
3808 2915 576 109 condition.

3236 3047 222 104 Mrs
3510 3047 350 109 Carrie
3907 3052 661 113 Richardson
4620 3061 123 104 of
4772 3061 128 104 St
4946 3066 425 132 John’s,
5428 3076 142 109 N.
5627 3071 175 137 8.,

3099 3184 90 104 is
3250 3189 109 99 in
3411 3184 184 104 the
3685 3217 350 104 sunny
4082 3198 354 99 island
4502 3198 118 99 of
4691 3194 543 118 Bermuda
5277 3217 529 132 spending

3104 3321 175 99 the
3335 3326 364 99 winter
3751 3326 260 99 with
4058 3326 189 104 her
4323 3335 444 99 friends.

3236 3454 312 132 Quite
3600 3496 61 66 a
3704 3491 534 104 company
4285 3496 217 76 met
4573 3482 109 94 at
4776 3477 189 99 the
5041 3482 539 109 residence
5679 3491 123 104 of

3099 3586 170 104 Mr
3364 3595 213 104 and
3666 3595 227 104 Mrs
3973 3600 109 109 J.
4181 3600 449 123 Pegram
4715 3609 529 113 Williams
5353 3624 449 132 Sunday

3099 3728 307 128 night
3454 3742 109 85 to
3609 3751 293 104 greet
3935 3737 180 104 the
4167 3751 420 123 coming
4616 3751 109 94 in
4772 3756 109 94 of
4932 3756 184 99 the
5164 3756 260 99 New
5476 3765 321 99 Year.

3231 3860 227 99 The
3510 3865 605 109 chivalrous
4167 3883 364 128 pastor
4578 3879 113 104 of
4767 3879 123 109 St
4937 3888 699 142 Augustine’s
5688 3893 113 118 P.

3099 3997 132 109 E.
3293 3997 425 113 Church
3770 4011 477 113 received
4290 4016 165 113 his
4502 4020 246 137 lady
4805 4030 406 109 friends
5258 4068 142 71 on
5480 4039 265 104 Tues-

3099 4139 208 128 day
3354 4143 279 99 from
3680 4148 66 94 3
3794 4153 279 99 until
4124 4162 113 90 11
4299 4186 94 66 p.
4455 4191 156 85 m.,
4710 4167 104 90 in
4909 4162 170 99 his
5173 4172 364 128 study,
5594 4176 198 99 590

3099 4266 638 109 Warren-st.
3893 4276 170 109 He
4115 4313 217 76 was
4380 4290 345 99 found
4776 4290 104 104 in
4937 4294 184 104 the
5216 4332 260 104 very
5570 4309 241 109 best

3094 4398 430 113 humor.
3661 4408 203 109 His
3912 4417 501 104 collation
4479 4460 208 71 was
4724 4465 255 99 very
5074 4436 208 109 fine
5357 4441 213 104 and
5674 4450 137 104 he

3099 4540 335 132 nobly
3487 4550 581 104 succeeded
4139 4559 109 99 in
4332 4559 444 137 making
4871 4573 146 94 all
5112 4573 359 137 happy
5570 4583 241 104 who

3113 4677 378 104 called.
3619 4687 369 104 About
4044 4687 132 104 40
4224 4696 113 99 of
4384 4691 647 142 Brooklyn’s
5079 4710 246 104 elite
5367 4720 444 104 favored

3099 4809 184 104 the
3326 4819 510 104 reverend
3879 4828 250 94 with
4186 4828 283 104 their
4507 4866 534 104 presence.
5187 4847 231 104 The
5466 4852 340 104 ladies

3113 4951 416 104 seemed
3591 4965 113 94 to
3751 4956 317 109 think
4115 4994 288 104 upon
4436 4975 425 137 leaving
4904 4975 222 113 him
5178 4984 246 109 that
5466 4989 85 104 it
5603 5022 208 76 was

3113 5088 265 99 time
3425 5093 250 104 that
3765 5098 132 99 he
3992 5131 217 66 was
4280 5107 444 132 making
4809 5150 61 66 a
4937 5121 506 99 selection
5528 5131 283 99 from

3099 5254 392 99 among
3539 5225 283 104 their
3888 5235 369 104 midst.

3231 5357 94 104 A
3402 5362 487 128 pleasant
3983 5372 572 132 gathering
4644 5391 600 104 assembled
5334 5405 113 94 at
5537 5400 255 99 1728

3099 5490 591 142 Broadway
3737 5499 203 109 last
3992 5509 680 142 Wednesday
4753 5523 458 137 evening
5306 5532 109 99 to
5504 5542 298 123 greet

3094 5622 265 118 Miss
3510 5631 302 113 Susie
3912 5641 477 132 Walker,
4488 5655 118 104 of
4696 5655 761 146 Petersburgh,
5546 5674 250 123 Va.,

3094 5773 307 99 sister
3449 5778 118 99 of
3657 5778 222 99 Airs
3978 5787 246 99 Wm
4280 5787 496 137 Mallory,
4866 5802 241 99 who
5202 5806 194 94 has
5499 5839 302 71 come

3094 5906 321 99 north
3468 5915 118 94 to
3638 5910 321 109 finish
4011 5920 189 99 her
4243 5920 439 109 studies.
4876 5929 520 113 Innocent
5443 5972 364 94 games

3099 6038 213 104 and
3369 6047 468 104 sociable
3888 6052 307 99 chats
4243 6090 269 66 were
4583 6061 515 132 indulged
5145 6071 113 94 in
5310 6076 274 94 until
5617 6080 184 94 the

3094 6170 506 104 delicious
3699 6194 416 94 muscat
4214 6189 265 99 wine
4578 6189 732 142 disappeared.
5494 6203 307 109 Then

3094 6307 255 109 with
3402 6312 737 123 recollections
4191 6321 113 113 of
4356 6326 260 113 New
4668 6331 378 118 Year’s
5098 6340 142 109 all
5291 6340 510 142 departed

3094 6449 472 123 pleased.

3236 6586 222 99 The
3548 6586 463 113 William
4110 6595 572 109 Frederick
4781 6609 680 109 Association
5556 6619 250 109 held

3099 6713 279 109 their
3472 6723 369 109 fourth
3893 6732 345 132 grand
4328 6742 397 104 annual
4767 6746 217 104 ball
5065 6761 113 94 at
5230 6751 576 113 Wendell’s

3099 6855 567 109 Assembly
3742 6865 402 109 Rooms
4191 6874 213 99 Jan
4498 6879 99 99 2.
4748 6879 364 109 Dance
5159 6893 340 99 music
5589 6931 217 71 was

3099 6992 557 109 furnished
3770 7006 151 128 by
4082 7002 265 109 Prof
4465 7011 472 109 Eichele.
5083 7025 369 104 About
5613 7030 194 104 500

3094 7139 369 123 guests
3543 7167 269 76 were
3869 7157 458 118 present.
4474 7148 265 109 Miss
4786 7153 335 109 Lizzie
5173 7162 236 137 Ray
5461 7176 283 99 enter-

3099 7266 359 109 tained
3557 7276 180 104 the
3831 7285 638 104 association
4521 7285 146 137 by
4757 7290 189 109 her
5022 7299 378 109 skilful
5480 7309 260 99 danc-

3094 7403 184 132 ing
3321 7408 213 99 and
3576 7441 213 71 was
3822 7422 628 132 generously
4488 7427 638 128 applauded.
5272 7441 534 137 Amongst

3099 7535 184 104 the
3326 7559 317 118 guest
3690 7550 118 104 of
3860 7554 180 99 the
4072 7559 643 104 association
4767 7597 255 80 were
5074 7573 373 109 Misses
5499 7578 307 137 Mary

3099 7672 236 137 Ray
3387 7682 213 104 and
3643 7687 567 113 Albertina
4299 7696 581 132 Sandford,
4932 7706 227 104 Mrs
5202 7710 109 104 J.
5372 7715 128 99 E.
5556 7720 189 104 Sea-

3094 7843 293 90 man,
3439 7819 227 99 Mrs
3718 7814 515 113 Bennom.
4294 7828 397 104 Messrs
4772 7833 128 104 F.
4961 7843 132 104 A.
5154 7843 383 142 Griggs
5589 7857 217 99 and

3094 7942 283 109 Chas
3468 7951 132 104 A.
3709 7951 444 118 Minnie.
4294 7956 293 123 Mme
4668 7970 236 142 Ray
5003 8013 213 80 was
5310 7998 109 99 at
5499 7989 307 118 home

3090 8088 269 123 sick,
3416 8093 213 104 and
3723 8107 397 99 missed
4209 8107 146 132 by
4403 8112 142 99 all
4635 8117 180 99 the
4866 8126 515 104 members
5419 8135 113 94 of
5627 8135 175 109 the

3094 8220 633 109 Frederick?-
3902 8239 718 113 Association.
4767 8249 203 104 Wc
5112 8258 142 104 all
5414 8268 392 109 extend

3094 8353 397 113 thanks
3543 8372 109 94 to
3742 8367 170 109 Mr
3959 8376 472 109 William
4502 8376 661 142 Fredericks,
5220 8400 184 104 the
5447 8409 354 123 genial

3090 8499 213 99 and
3354 8504 392 104 affable
3836 8513 463 104 founder
4342 8518 113 99 of
4526 8523 180 99 the
4757 8532 657 109 association.
5565 8537 128 109 In
5745 8580 61 71 a

3094 8641 250 104 neat
3397 8641 387 137 speech
3822 8641 132 113 he
3992 8660 562 128 presented
4597 8669 109 99 to
4757 8679 255 128 capt
5036 8669 373 142 Henry
5438 8679 293 113 Wald-

3094 8778 283 104 heim
3425 8820 61 66 a
3572 8820 250 94 very
3869 8787 213 109 fine
4176 8797 255 132 gold
4479 8802 236 132 ring
4757 8820 165 90 set
4998 8811 255 99 with
5306 8849 137 71 an
5523 8854 213 71 ame-

3099 8915 335 132 thyst.
3581 8920 222 104 The
3855 8934 425 128 captain
4332 8967 213 66 was
4597 8967 118 71 so
4767 8943 321 99 taken
5135 8953 146 132 by
5334 8962 463 123 surprise

3094 9052 241 99 that
3387 9052 128 99 he
3591 9090 213 66 was
3855 9071 175 90 too
4082 9066 208 99 full
4337 9066 175 104 for
4554 9085 595 94 utterance.
5291 9085 175 99 Mr
5504 9090 298 99 John

3090 9180 638 99 Fredericks
3780 9189 312 104 acted
4139 9222 118 76 as
4313 9198 274 104 floor
4620 9231 506 113 manager
5159 9217 454 109 assisted
5669 9231 132 128 by

3090 9312 288 113 Emil
3425 9317 444 113 Gerisch
3926 9331 208 109 and
4214 9331 373 113 Frank
4635 9345 449 113 Heroes.
5235 9359 231 104 The
5513 9364 236 104 offic-

3090 9491 165 66 ers
3302 9463 118 94 of
3515 9463 184 99 the
3746 9468 250 99 club
4049 9506 175 66 are
4276 9477 369 132 Henry
4710 9487 132 94 A.
4890 9487 529 132 Ruppert,
5476 9501 274 123 presi-

3090 9586 312 137 dent;
3524 9595 576 113 Lawrence
4181 9600 529 146 Leonard,
4833 9619 227 104 vice
5197 9628 591 137 president}

3090 9723 288 109 Emil
3506 9728 477 132 Gerisch,
4082 9751 562 128 recording
4767 9765 576 118 secretary;
5424 9765 369 104 Frank

3090 9860 387 123 Herne,
3524 9865 506 109 financial
4124 9888 581 132 secretary;
4781 9888 345 104 Jacob
5206 9874 586 165 Bissinger,

3090 10011 567 132 treasurer;
3737 10006 288 113 John
4077 10011 501 146 Wigand,
4630 10044 491 123 sergeant
5169 10054 109 90 at
5324 10077 321 76 arms.

3222 10139 189 104 Dr.
3477 10143 501 109 Clarence
4025 10162 132 94 A.
4238 10162 506 123 Howard,
4795 10172 118 99 of
5003 10172 775 137 Philadelphia,

3090 10280 302 99 made
3444 10313 66 71 a
3553 10280 340 137 flying
3931 10290 246 104 visit
4224 10299 109 94 to
4389 10299 184 99 the
4620 10299 217 137 city
4890 10337 137 71 on
5107 10309 265 109 New
5405 10318 387 104 Year’s

3090 10408 274 128 Dav,
3420 10422 557 132 returning
4030 10460 137 66 on
4219 10431 180 99 the
4455 10465 312 80 seven
4814 10441 420 104 o’clock
5282 10455 321 99 train.

3222 10545 879 137 Representative
4233 10564 586 142 Chappelle
4980 10578 217 109 and
5348 10583 439 113 Messrs.

3085 10682 402 113 Terrell
3600 10696 217 104 and
3912 10696 425 132 Glover,
4436 10710 113 104 of
4663 10706 458 146 Boston;
5220 10720 137 109 R.
5457 10729 331 104 Henri

3090 10824 491 132 Herbert,
3643 10833 113 99 of
3803 10833 529 146 Trenton;
4389 10843 123 109 T.
4569 10843 132 113 B.
4753 10852 472 132 McKiel,
5324 10866 118 99 of
5537 10866 260 104 New

3085 10961 416 128 Haven,
3557 10970 213 104 and
3822 11008 61 66 a
3926 10984 458 99 number
4474 10989 118 94 of
4682 10998 364 94 others
5154 11008 491 99 returned
5688 11017 104 90 to

3090 11098 279 104 their
3411 11102 369 104 homes
3865 11145 137 66 on
4054 11112 496 142 Tuesday
4602 11121 548 132 delighted
5197 11135 255 99 with
5523 11140 279 104 their

3085 11239 756 132 participation
3959 11244 109 109 in
4191 11254 184 104 the
4488 11263 591 137 unceasing
5225 11277 345 99 round
5679 11277 123 104 of

3090 11376 369 137 gaiety
3510 11376 241 109 that
3794 11381 217 104 this
4077 11419 255 104 year
4365 11395 789 118 characterized
5244 11409 184 109 the
5523 11414 222 109 holi-

3090 11499 213 132 day
3354 11518 288 104 week
3690 11523 113 99 in
3855 11523 260 109 New
4172 11528 340 104 York.

3222 11650 439 104 Madam
3751 11655 137 104 V.
3978 11660 335 104 Adele
4398 11669 789 137 Montgomery,
5287 11683 198 104 120
5532 11698 265 94 west

3090 11783 255 104 26th
3444 11797 364 123 street,
3926 11830 274 99 gave
4313 11835 66 71 a
4474 11839 255 99 very
4814 11816 562 137 enjoyable
5499 11820 293 109 Itttle

3085 11929 317 165 party
3491 11939 118 90 to
3704 11967 61 71 a
3860 11934 203 104 few
4153 11939 449 132 friends,
4654 11948 392 137 Friday
5140 11962 491 132 evening,
5683 11972 109 99 in

3090 12061 340 104 honor
3510 12071 123 99 of
3737 12071 194 104 her
4002 12090 350 118 guest,
4455 12085 265 104 Miss
4814 12085 194 109 Ida
5098 12094 501 132 Herbert,
5679 12104 118 104 of

3090 12198 501 113 Trenton.
3638 12203 298 109 N.J.
4087 12217 425 132 Among
4597 12227 302 99 these
4989 12241 468 118 present,
5513 12269 269 71 were

3090 12331 184 109 the
3359 12331 373 118 Misses
3855 12345 472 132 Moffett,
4450 12359 444 123 Jeffrey,
5036 12359 430 137 Bignail
5580 12373 217 104 and

3094 12468 510 132 Howard,
3661 12482 227 99 Mrs
3935 12482 104 99 J.
4096 12487 449 132 Pegram
4597 12496 562 128 Williams,
5202 12506 222 99 Mrs
5476 12506 307 109 R.H.

3099 12605 477 109 Huclues
3666 12614 213 104 and
3969 12619 227 104 Mrs
4243 12624 369 104 James
4654 12628 420 113 Wilson
5121 12638 203 104 and
5400 12643 397 113 Messrs

3090 12742 510 142 Madden,
3657 12756 373 132 Mann,
4120 12761 572 132 Williams,
4786 12770 312 132 Hale,
5178 12780 265 128 Hill,
5542 12784 189 109 Wil-

3090 12921 231 85 son,
3378 12893 553 123 Paterson,
3987 12898 482 123 Francis,
4526 12907 506 123 Herbert,
5088 12917 113 99 of
5272 12917 515 123 Trenton,

3090 13020 364 99 Moore
3501 13030 213 94 and
3765 13030 449 99 Turner.

3222 13153 99 104 A
3397 13153 477 142 pleasant
3954 13167 312 109 finale
4365 13172 175 109 *or
4635 13214 326 104 many
5008 13186 123 99 of
5225 13186 184 109 the
5499 13224 293 76 more

3090 13294 449 109 favored
3628 13304 383 104 callers
4101 13342 142 71 on
4337 13313 265 104 New
4701 13318 76 104 Y
4757 13318 43 33 T
4809 13323 269 104 ear’s
5178 13323 236 142 Day
5466 13365 213 71 was
5731 13370 61 71 a

3085 13436 321 104 select
3458 13436 331 113 dance
3841 13455 312 128 party
4191 13450 317 132 given
4559 13460 142 123 by
4743 13460 227 104 Mrs
5008 13460 548 137 Marshall,
5598 13474 194 99 112

3090 13573 496 137 Waverly
3619 13583 354 128 Place,
4049 13587 109 99 in
4195 13592 335 104 honor
4554 13597 123 99 of
4720 13597 189 99 the
4946 13602 439 128 visiting
5452 13620 283 90 stran-

3085 13739 274 99 gers.
3506 13715 231 104 The
3827 13739 543 113 strangers
4465 13753 430 104 present
4989 13739 501 104 included
5580 13743 142 104 Re-

3090 13852 1030 123 presentative-elect
4167 13852 624 146 Chappelje,
4852 13866 260 109 Miss
5164 13871 369 109 Uaber
5580 13880 213 104 and

3085 13980 170 109 Mr
3335 13980 406 146 Tyrrtl,
3822 13994 118 109 of
3987 13989 444 142 Boston,
4488 14003 265 109 Miss
4824 14008 472 137 McKiel,
5367 14017 118 109 of
5532 14017 260 109 New

3085 14126 416 132 Haven,
3557 14131 132 104 R.
3746 14135 331 104 Henri
4153 14140 496 128 Herbert,
4748 14154 118 94 of
4956 14154 515 128 Trenton,
5523 14159 265 104 Miss

3085 14263 411 128 Magee,
3553 14272 123 94 of
3713 14263 676 142 Bridgeport,
4446 14282 217 99 and
4710 14282 175 99 Mr
4932 14282 468 113 McKiel.

3217 14395 231 109 The
3496 14400 317 137 Lyric
3865 14409 317 104 Swan
4233 14409 274 109 Clnb
4587 14452 279 99 gave
4909 14457 66 71 a
5022 14424 506 109 collation
5580 14433 213 104 last

3085 14532 439 137 Sunday
3614 14546 454 128 evening
4157 14551 109 99 in
4361 14551 340 104 honor
4786 14561 113 99 of
5041 14561 203 104 Mr.
5324 14565 468 104 Thomas

3085 14669 628 132 Lattimore,
3770 14683 118 99 of
3940 14683 557 137 Saratoga,
4550 14693 241 99 who
4885 14731 217 71 was
5187 14698 189 109 the
5447 14702 345 109 club’s

3085 14816 387 128 special
3524 14830 345 118 guest.
3978 14820 180 109 Dr.
4219 14825 142 104 H.
4417 14830 104 99 J.
4578 14830 402 118 Moore,
5027 14839 109 99 of
5187 14839 600 132 Monrovia,

3085 14948 302 104 West
3435 14957 420 123 Africa,
3907 14957 170 104 Mr
4115 14962 293 104 Leon
4460 14967 449 128 Turner,
4965 14976 170 99 Mr
5183 14976 52 99 J
5301 14981 175 99 W.
5532 14981 260 104 Dias

3080 15085 208 99 and
3345 15090 170 99 Mr
3567 15094 463 99 Edward
4124 15099 104 99 J.
4290 15099 387 123 Miller,
4729 15109 213 123 Jr.,
4989 15142 274 66 were
5334 15113 222 99 also
5608 15118 184 99 the

3080 15222 406 104 invited
3534 15236 373 118 guests
3940 15236 113 94 of
4124 15236 184 94 the
4356 15236 255 99 club
4710 15269 132 71 on
4942 15241 213 99 this
5254 15250 524 104 occasion.

3080 15350 198 113 Mr.
3345 15359 288 104 Leon
3690 15364 293 137 Gray
4035 15364 189 109 has
4276 15373 435 104 entered
4809 15378 184 104 the
5088 15378 317 137 Lyric
5476 15392 317 104 Swan

3080 15491 269 109 Club
3402 15501 392 104 School
3850 15506 118 99 of
4020 15506 354 109 Music
4474 15515 170 104 for
4724 15515 189 104 the
5013 15520 482 137 building
5575 15529 217 104 and

3080 15638 463 132 training
3581 15647 113 94 of
3746 15643 165 99 his
3964 15647 335 104 voice.

3685 15888 132 76 A.
3865 15883 151 80 M.
4054 15883 123 80 E.
4252 15888 307 76 Zion
4635 15893 553 80 Church.

3208 16006 231 113 Rev
3487 16011 364 123 Dyson
3945 16020 529 137 preached
4554 16025 487 113 Sabbath
5145 16039 529 137 morning,
5731 16082 66 71 a

3076 16162 638 99 memorable
3765 16195 416 66 sermon
4233 16167 283 104 from
4578 16172 435 99 Exodus
5065 16181 293 94 xv-3.
5485 16186 312 99 “The

3076 16290 288 99 Lord
3411 16294 90 94 is
3548 16332 61 61 a
3657 16328 250 71 man
3959 16304 118 94 of
4124 16328 250 99 war,
4436 16304 180 99 the
4663 16304 283 104 Lord
4989 16313 85 94 is
5131 16313 156 94 his
5348 16318 435 99 name.”

3076 16422 165 109 He
3331 16427 222 109 said
3633 16436 241 104 that
3964 16436 350 104 Moses
4365 16474 213 71 w*as
4696 16446 468 137 divinely
5216 16450 340 109 called
5646 16460 146 128 by

3076 16564 231 99 God
3406 16573 170 94 for
3624 16573 397 128 special
4115 16606 548 99 purposes.
4809 16583 165 99 He
5046 16592 515 94 reviewed
5613 16592 175 99 the

3076 16696 411 142 history
3534 16706 118 99 of
3723 16706 184 104 the
3954 16706 534 109 Israelites
4526 16710 307 109 while
4885 16715 109 104 in
5046 16715 406 142 Egypt,
5509 16724 279 109 from

3071 16838 274 104 their
3397 16843 402 109 advent
3836 16852 113 99 to
3997 16852 279 99 their
4356 16852 449 132 exodus;
4885 16866 581 99 recounted
5513 16871 283 99 their

3076 17008 321 99 many
3487 17017 420 90 wrongs
3997 16989 213 99 and
4290 16994 713 123 oppressions,
5050 16998 350 99 under
5443 17003 350 104 which

3076 17112 255 137 they
3378 17112 472 137 labored,
3907 17121 113 104 of
4101 17121 279 109 their
4422 17159 392 99 groans
4861 17126 213 113 and
5159 17140 269 99 cries
5504 17173 213 71 com-

3071 17254 184 128 ing
3302 17287 151 99 up
3501 17258 364 104 before
3945 17263 184 99 the
4176 17263 321 99 Lord.
4644 17268 298 99 Then
4998 17272 113 99 of
5206 17272 180 99 the
5424 17277 203 104 call
5679 17282 118 99 of

3076 17386 354 109 Moses
3482 17391 231 104 who
3765 17428 217 71 was
4030 17400 109 99 in
4186 17395 184 109 the
4408 17395 255 109 land
4701 17405 118 99 of
4866 17405 444 132 Midian,
5357 17414 439 137 feeding

3076 17528 165 109 his
3288 17528 454 109 father’s
3789 17537 335 132 flock;
4209 17537 326 137 spoke
4587 17546 118 94 of
4800 17551 180 99 the
5031 17546 605 109 reluctance
5679 17561 118 99 of

3076 17665 350 104 Moses
3472 17679 113 90 to
3633 17683 378 123 accept
4058 17674 184 104 the
4290 17683 666 99 commission
5031 17683 213 104 and
5296 17688 118 99 of
5461 17688 331 104 God’s

3076 17835 609 80 assurance.
3841 17811 161 104 He
4110 17816 666 137 graphically
4890 17820 553 109 described
5613 17830 184 104 the

3076 17943 444 128 plagues
3591 17948 354 99 which
3997 17981 269 66 were
4356 17962 241 90 sent
4649 17986 288 94 upon
5022 17957 369 128 Egypt
5443 17962 350 99 which

3076 18076 586 137 compelled
3756 18080 496 109 Pharoah
4346 18094 109 99 to
4502 18085 146 109 let
4734 18085 184 109 the
4989 18085 529 118 Israelites
5617 18099 113 109 de-

3076 18231 279 118 part.
3501 18213 222 118 But
3770 18227 180 104 the
3997 18241 279 90 most
4313 18231 628 123 interesting
4989 18241 420 123 portion
5457 18246 123 94 of
5622 18246 170 99 his

3076 18359 534 99 discourse
3666 18392 213 71 was
3931 18364 184 99 the
4162 18369 784 104 consternation
4998 18378 118 94 of
5178 18373 184 99 the
5414 18373 321 109 Israel-

3076 18491 198 104 ites
3364 18491 302 109 when
3723 18506 118 99 at
3931 18501 180 109 the
4157 18501 236 109 Red
4488 18506 236 128 Sea,
4781 18506 350 109 which
5202 18520 586 128 prevented

3080 18633 274 94 their
3444 18638 520 113 advance,
4020 18643 307 94 while
4375 18647 279 90 their
4743 18647 454 94 enemies
5291 18680 265 61 were
5608 18652 123 94 ad-

3076 18761 506 132 vancing,
3619 18770 676 137 threatening
4328 18770 279 104 their
4635 18770 690 113 destruction.
5471 18780 321 113 Their

3076 18902 647 109 miraculous
3756 18907 666 109 deliverance
4450 18950 213 71 was
4696 18917 449 132 grandly
5178 18931 605 128 portrayed,

3076 19072 118 71 as
3288 19072 217 76 was
3619 19044 222 104 also
3935 19054 184 94 the
4209 19049 189 137 joy
4493 19054 350 99 which
4913 19058 534 128 pervaded
5513 19063 283 104 their

3080 19181 354 104 hearts
3487 19181 279 113 after
3813 19186 184 109 the
4044 19186 661 109 destruction
4753 19195 118 104 of
4965 19195 274 109 their
5287 19205 491 104 enemies.

3076 19318 170 99 Mr
3298 19318 359 132 Dyson
3709 19328 255 99 then
4063 19328 312 99 made
4417 19361 61 66 a
4550 19361 260 99 very
4857 19337 510 123 practical
5447 19337 283 128 appli-

3076 19455 354 99 cation
3468 19460 123 99 of
3638 19460 161 99 his
3846 19488 463 104 sermon,
4346 19465 633 132 impressing
5031 19465 161 109 his
5230 19465 425 113 hearers
5679 19474 113 109 to

3076 19602 283 94 trust
3472 19597 113 109 in
3699 19597 288 132 God;
4110 19606 605 128 reminding
4828 19606 293 104 them
5254 19611 241 104 that
5608 19611 184 104 the

3085 19729 369 104 “Lord
3501 19734 90 94 is
3633 19767 61 66 a
3746 19767 255 71 man
4044 19739 123 99 of
4261 19772 250 94 war,
4564 19739 217 109 and
4828 19739 241 132 that
5117 19743 184 104 the
5353 19748 288 104 Lord
5702 19748 90 104 is

3076 19861 165 123 his
3298 19871 425 104 name.”

3217 20008 227 123 Rey
3496 20008 477 99 Rawlins
4020 20013 520 128 occupied
4592 20013 184 99 the
4809 20013 359 132 pulpit
5216 20017 109 94 in
5405 20017 184 99 the
5636 20022 104 94 af-

3080 20140 482 123 ternoon,
3595 20140 213 104 and
3831 20140 520 137 preached
4408 20145 283 109 from
4720 20145 468 113 Jeriv-6.
5339 20150 227 109 The
5589 20187 156 76 ser-

3085 20277 279 109 vices
3411 20282 113 104 in
3576 20277 180 109 the
3808 20287 458 132 evening
4309 20301 109 90 at
4469 20291 61 99 9
4606 20287 468 137 o’clock;
5154 20296 189 99 the
5395 20296 402 104 church

3085 20452 213 66 was
3373 20419 260 99 then
3685 20419 293 104 filled
4054 20433 113 90 to
4214 20424 142 99 its
4450 20433 402 94 utmost
4951 20433 529 132 capacity,
5537 20457 255 80 soon

3085 20551 279 109 after
3406 20556 180 109 the
3633 20565 463 99 trustees
4143 20594 265 76 were
4488 20565 591 132 compelled
5131 20580 109 94 to
5287 20570 283 104 close
5617 20575 184 104 the

3085 20693 317 104 doors
3454 20702 213 94 and
3718 20698 406 104 several
4186 20702 491 99 hundred
4729 20740 439 94 persons
5263 20712 534 99 remained

3085 20830 416 104 outside
3595 20830 279 104 until
3921 20868 66 71 a
4077 20868 255 104 very
4384 20835 213 104 late
4696 20835 307 109 hour.
5154 20844 231 104 Rev
5433 20844 369 118 Dyson

3085 20972 524 128 preached
3661 20972 180 104 the
3893 21009 416 71 sermon
4365 20976 274 104 from
4696 20976 279 109 Prov
5027 20986 406 99 xxix-1.
5551 20986 250 99 “He

3090 21104 231 104 that
3373 21109 321 132 being
3732 21113 302 99 often
4077 21118 515 113 reproved
4635 21118 595 104 hardeneth
5277 21118 170 109 his
5476 21118 321 137 neck,

3085 21246 269 104 shall
3411 21246 529 142 suddenly
3987 21255 123 99 be
4162 21250 600 132 destroyed,
4819 21260 213 104 and
5065 21265 236 104 that
5348 21265 458 104 without

3080 21387 553 128 remedy.”
3784 21392 227 99 The
4063 21397 449 123 speaker
4564 21430 203 66 was
4819 21397 454 104 listened
5329 21406 113 94 to
5537 21397 269 104 with

3085 21520 444 109 marked
3586 21529 562 99 attention.

4044 21770 213 76 Mt.
4365 21770 463 80 Olivet.

3217 21902 161 109 On
3420 21898 444 146 Sunday
3902 21907 463 137 evening
4417 21907 180 109 the
4644 21907 420 113 Ladies’
5121 21907 364 113 Union
5537 21945 170 104 pre-

3080 22049 373 104 sented
3506 22082 66 66 a
3614 22044 595 104 Christmas
4266 22077 312 99 purse
4639 22058 113 90 of
4833 22049 449 113 $201.16
5334 22063 109 90 to
5537 22054 269 99 their

3076 22191 411 118 pastor,
3543 22176 402 104 RevD.
4006 22181 161 99 W.
4228 22181 458 123 Wisher,
4743 22186 354 99 whose
5145 22191 416 99 earnest
5650 22181 104 104 la-

3076 22318 250 104 bors
3378 22318 213 104 and
3643 22318 543 104 Christian
4233 22318 463 104 conduct
4743 22323 213 99 and
5003 22323 222 104 zeal
5306 22323 274 104 have
5627 22356 123 66 en-

3076 22455 387 99 deared
3520 22455 217 99 him
3770 22460 113 94 to
3931 22455 189 99 the
4157 22455 373 132 people
4578 22455 118 99 of
4748 22455 170 104 his
4951 22469 236 94 vast
5235 22488 510 104 congrega-

3076 22597 227 109 tion
3354 22597 213 109 and
3609 22606 109 99 to
3775 22597 184 109 the
4006 22592 279 137 good
4318 22597 373 137 people
4734 22602 118 109 of
4899 22602 265 109 New
5202 22602 302 109 York
5551 22635 194 99 gen-

3076 22743 378 128 erally.
3595 22743 274 99 Last
3964 22739 496 128 Tuesday
4512 22743 454 128 evening
5055 22743 184 99 the
5310 22743 420 123 Sunday-

3080 22876 373 104 school
3506 22876 118 104 of
3694 22876 180 104 the
3926 22866 454 132 church,
4436 22871 335 109 under
4824 22876 184 104 the
5055 22871 680 142 superintend-

3066 23046 274 99 ency
3387 23017 118 104 of
3576 23013 175 109 Mr
3798 23013 118 104 B.
3973 23013 146 99 H.
4176 23013 364 118 Stone,
4602 23013 208 104 had
4880 23022 279 94 their
5206 23013 591 99 Christmas

3076 23159 260 94 tree.
3487 23154 231 99 The
3765 23145 841 109 demonstration
4663 23178 213 76 was
4928 23145 406 142 largely
5386 23145 364 109 attend-

3076 23287 165 132 ed,
3298 23291 217 109 and
3567 23287 184 113 the
3803 23320 425 80 success
4323 23287 113 104 of
4517 23287 184 104 the
4739 23287 704 109 broom-stick
5518 23287 279 128 drill,

3076 23428 345 99 under
3515 23433 189 99 the
3798 23433 576 128 captaincy
4417 23428 118 94 of
4611 23428 265 99 Miss
4913 23428 312 132 Lucy
5272 23424 524 123 Brander,

3076 23594 213 80 was
3340 23565 567 137 complete.
4025 23565 227 104 The
4309 23556 340 109 whole
4701 23565 836 109 entertainment
5589 23589 213 76 was

3076 23707 402 128 replete
3562 23707 260 99 with
3912 23702 496 132 pleasure
4545 23702 217 99 and
4871 23707 680 99 instruction.
5627 23698 175 99 Mr

3080 23835 420 113 Wisher
3600 23844 402 109 desires
4120 23844 113 99 to
4285 23835 345 109 thank
4748 23835 189 118 the
5008 23839 335 113 ladies
5391 23835 118 113 of
5603 23835 180 109 the

3076 23981 359 113 Union
3472 23986 180 109 for
3685 23991 279 104 their
3997 24019 529 99 generous
4578 23986 255 132 gift.

5268 1054 491 165 THE
5943 1063 539 170 NEW
6671 1077 661 175 YORK
7512 1096 836 161 GLOBE:
8532 1101 1332 227 SATURDAY,
10049 1153 1120 189 JANUARY
11343 1191 170 170 6,
11702 1195 487 161 1883.

6132 1431 170 90 St.
6411 1436 713 109 Augustine
7205 1455 553 99 Church,
7819 1465 713 99 Brooklyn.

6113 1573 591 113 Christmas
6746 1587 231 132 Day
7044 1625 203 76 was
7299 1602 454 104 ushered
7809 1606 109 104 in
8008 1606 146 137 by
8249 1611 402 109 celebra-

5976 1748 227 104 tion
6255 1753 118 104 of
6420 1753 180 109 the
6652 1757 288 128 Holy
6992 1762 704 113 Communion
7757 1776 213 104 and
8041 1814 217 71 was
8310 1786 402 137 largely

5976 1923 515 109 attended
6543 1928 137 132 by
6728 1932 189 104 the
6987 1942 501 109 faithful.
7639 1946 132 104 In
7847 1951 184 99 the
8102 1956 463 132 evening
8655 1994 61 66 a

5981 2055 298 132 large
6321 2074 761 123 congregation
7134 2079 600 109 assembled
7776 2098 104 90 to
7932 2083 255 104 hear
8220 2088 180 99 the
8433 2112 279 85 most

5976 2220 57 66 e
6066 2187 397 113 fficient
6524 2197 293 109 choir
6865 2211 123 99 of
7020 2211 217 104 this
7328 2249 638 104 prosperous
8046 2230 430 104 mission
8523 2263 128 71 un-

5981 2324 189 104 der
6217 2329 184 104 the
6454 2334 515 118 direction
7025 2353 118 99 of
7195 2353 260 104 Miss
7512 2357 246 104 Ella
7809 2367 132 99 A.
8046 2362 463 132 Wright,
8565 2400 137 71 an

5981 2476 482 123 organist
6510 2476 113 99 of
6699 2509 255 109 very
7002 2485 213 104 fine
7266 2499 279 94 taste
7592 2499 217 99 and
7909 2499 411 142 ability.
8476 2504 227 109 The

5981 2608 298 104 choir
6321 2641 90 71 is
6482 2622 572 128 composed
7148 2631 118 99 of
7337 2627 265 104 Miss
7701 2631 118 109 C.
7904 2636 132 109 D.
8145 2641 557 104 Anderson

5981 2745 217 94 and
6236 2745 227 99 Mrs
6515 2750 274 104 Fred
6846 2759 369 128 Wells,
7271 2797 506 104 soprano;
7843 2773 227 99 Mrs
8102 2778 118 99 C.
8258 2778 444 104 Chivers

5986 2877 213 99 and
6283 2877 265 109 Miss
6633 2887 312 142 Mary
7035 2896 99 99 E
7224 2896 576 137 Williams,
7899 2910 331 137 altos;
8334 2915 146 109 M.
8589 2920 104 104 J.

5981 3009 439 123 Hamm,
6520 3033 345 128 tenor;
6969 3033 369 109 James
7422 3043 387 128 Green,
7913 3052 520 128 baritone,
8490 3061 222 99 and

5981 3151 340 137 Percy
6378 3156 369 132 Wells,
6855 3170 345 104 basso.
7356 3175 194 104 We
7644 3213 198 66 can
7932 3189 340 118 safely
8367 3208 335 90 assert

5981 3288 302 109 there
6335 3331 213 71 was
6600 3335 132 71 no
6789 3307 265 104 finer
7106 3312 425 132 singing
7602 3321 321 99 north
7984 3326 109 94 of
8135 3321 496 137 Washing-

5991 3454 217 76 ton.
6359 3430 222 104 The
6633 3468 416 76 sermon
7110 3444 534 109 delivered
7696 3454 146 132 by
7880 3454 180 109 the
8112 3487 402 109 pastor,
8570 3468 123 109 P.

5981 3562 132 104 A.
6175 3562 491 142 Morgan,
6723 3614 213 71 was
6992 3614 194 71 one
7224 3586 113 99 of
7427 3586 165 104 his
7672 3595 515 123 grandtst
8282 3609 444 99 efforts.’

5981 3699 231 99 The
6260 3718 227 85 text
6548 3742 208 66 was
6803 3718 331 94 taken
7224 3723 241 94 fron
7564 3723 572 128 Proverbs,
8235 3765 302 90 xxv.,
8598 3742 94 99 8:

5981 3827 80 52 “
6118 3831 151 109 As
6321 3836 241 109 cold
6600 3869 331 85 water
6983 3865 109 90 to
7143 3883 61 76 a
7252 3850 392 146 thirsty
7696 3865 279 132 soul,
8031 3898 118 76 so
8244 3874 90 109 is
8424 3874 279 137 good

5991 4006 288 80 news
6321 3983 279 109 from
6647 4030 66 66 a
6765 3997 170 99 far
6983 4006 586 118 country.”

6543 4285 694 128 BETHEL
7346 4294 784 132 CHURCH.

5991 4531 298 90 Last
6416 4540 1068 94 Words!—Pastor
7592 4559 661 94 Stewart’s
8324 4573 373 80 Fare-

6118 4809 128 104 In
6340 4814 184 104 the
6628 4828 501 128 morning
7247 4828 227 104 Rev
7578 4833 170 104 W.
7857 4833 132 109 L.
8088 4838 430 113 Hunter
8589 4857 113 99 of

5981 4942 680 137 Weeksville,
6718 4965 520 104 preached
7290 5003 61 66 a
7389 4998 255 104 very
7682 4980 496 128 eloquent
8211 4989 213 94 and
8466 4994 189 94 stir-

5981 5088 685 123 ringsermon
6718 5098 279 94 from
7039 5093 279 104 Prov
7370 5102 180 94 xii.
7620 5107 265 94 1—“
7932 5112 94 99 A
8060 5117 274 128 good
8386 5145 312 80 name

5976 5220 90 104 is
6113 5220 364 104 rather
6524 5239 104 85 to
6680 5220 128 109 be
6860 5235 387 99 chosen
7304 5230 260 113 than
7616 5254 307 118 great
7970 5249 463 104 riches.”
8509 5258 184 104 Six

5976 5386 444 99 persons
6515 5362 369 128 joined
6931 5367 184 99 the
7167 5372 406 104 church
7611 5409 137 66 on
7814 5386 600 123 probation.

6113 5702 151 94 At
6359 5702 317 128 night
6770 5740 66 66 a
6883 5707 293 128 large
7266 5726 761 118 congregation
8121 5731 557 123 gathered.

5981 5830 236 99 Rev
6269 5830 128 99 T.
6458 5835 510 104 McCants
7002 5844 454 104 Stewart
7502 5854 250 99 read
7809 5868 402 99 several
8258 5896 439 99 persons

5981 5962 222 104 into
6236 5962 217 113 full
6491 5976 765 132 membership;
7304 5986 208 99 and
7569 5986 307 104 made
7923 5995 288 104 what
8258 6005 128 94 he
8443 6009 203 99 call-

5981 6099 132 94 ed
6165 6099 161 99 his
6378 6118 203 85 last
6628 6104 331 104 talk..
7044 6109 165 99 He
7266 6113 255 104 took
7569 6146 142 71 no
7757 6132 265 118 text,
8079 6132 435 142 reading
8565 6175 113 76 as

5981 6231 161 109 his
6189 6231 213 109 last
6444 6241 515 137 scripture
7011 6241 345 113 lesson
7403 6250 52 104 I
7507 6255 203 109 Cor
7753 6265 109 104 ii.
7975 6265 165 109 He
8187 6279 227 99 said
8466 6283 227 104 that

5981 6373 165 104 his
6269 6387 581 123 pastorate,
6945 6387 113 99 in
7153 6392 180 104 the
7403 6402 326 118 main,
7805 6406 217 99 had
8093 6411 260 99 been
8438 6449 250 104 very

5981 6506 520 132 pleasant,
6548 6520 208 99 and
6846 6520 241 104 that
7186 6529 161 99 his
7431 6529 354 104 labors
7838 6567 265 76 were
8154 6562 189 90 not
8395 6553 236 104 with-

5981 6666 184 80 out
6222 6652 420 123 results,
6680 6652 345 104 which
7072 6666 307 104 made
7431 6666 222 104 him
7677 6671 515 113 thankful
8244 6694 109 90 to
8452 6690 236 109 God

5981 6784 213 99 and
6236 6789 472 123 grateful
6798 6803 113 90 to
7006 6803 302 99 those
7398 6813 515 99 members
7989 6817 213 99 and
8287 6822 402 109 friends

5976 6912 241 104 who
6269 6921 213 104 had
6534 6940 671 123 co-operated
7266 6940 246 99 with
7616 6945 260 104 him.
8013 6950 420 142 During
8523 6964 161 109 his

5981 7068 543 118 pastorate
6591 7063 113 104 of
6780 7077 208 90 two
7035 7101 302 99 years
7384 7077 213 104 and
7649 7120 61 66 a
7791 7087 265 128 half,
8140 7101 203 99 two
8419 7101 203 104 hun-

5981 7195 265 99 dred
6293 7228 435 99 persons
6780 7205 208 104 had
7044 7219 255 94 been
7346 7219 345 104 added
7743 7228 113 94 to
7951 7228 175 99 the
8220 7233 444 132 church,

5986 7332 180 99 the
6213 7332 534 109 additions
6794 7342 402 132 having
7247 7351 255 99 been
7583 7361 397 132 mainly
8031 7365 279 104 from
8409 7375 194 104 Sab-

5981 7465 265 109 bath
6340 7479 113 94 to
6567 7474 477 109 Sabbath
7101 7483 213 104 and
7389 7488 269 109 from
7757 7498 288 104 week
8140 7512 113 94 to
8348 7512 326 132 week,

5981 7602 298 104 there
6359 7606 397 137 having
6813 7620 255 99 been
7124 7654 137 71 no
7356 7630 383 123 special
7800 7644 454 123 revival;
8315 7654 359 128 nearly

5981 7734 454 128 $25,000
6506 7748 208 94 had
6813 7753 265 99 been
7148 7757 515 104 collected
7710 7767 170 99 for
7918 7767 137 104 all
8102 7800 567 113 purposes;

5981 7871 331 113 about
6354 7876 373 132 $7,000
6822 7885 213 113 had
7082 7890 265 113 been
7398 7899 246 137 paid
7691 7937 137 76 on
7904 7909 180 109 the
8154 7918 520 142 principal

5981 8017 213 104 and
6241 8022 444 109 interest
6732 8031 118 99 of
6902 8031 175 99 the
7129 8041 420 99 bonded
7644 8050 302 128 debt;
8013 8055 180 94 the
8282 8069 387 94 annual

5976 8154 435 104 interest
6506 8159 213 104 had
6813 8164 265 104 been
7200 8173 454 104 reduced
7748 8178 274 109 from
8140 8183 378 132 $1,020
8570 8211 109 90 to

5976 8287 298 132 S6OO,
6335 8296 203 104 and
6638 8301 180 104 the
6907 8324 227 85 rate
7205 8315 279 104 from
7535 8320 61 99 6
7649 8353 184 94 per
7876 8334 241 94 cent
8216 8339 109 90 to
8376 8334 61 99 5
8490 8367 189 99 per

5976 8447 293 113 cent;
6312 8438 180 94 the
6520 8438 406 104 church
7002 8443 213 99 and
7266 8447 175 104 the
7493 8457 326 99 entire
7913 8476 496 113 property
8461 8471 213 109 had

5976 8561 269 113 been
6350 8565 652 146 thoroughly
7101 8589 572 109 renovated
7781 8598 213 109 and
8093 8608 524 109 refurnish-

5976 8707 128 104 ed
6156 8712 213 99 and
6420 8717 359 137 nearly
6846 8721 378 118 $2,000
7271 8731 510 109 collected
7824 8769 142 71 on
8013 8740 184 104 the
8244 8764 227 85 cost
8565 8754 109 99 of

5976 8844 184 104 the
6208 8854 723 132 renovations;
6992 8854 175 104 the
7214 8863 402 104 church
7668 8868 213 104 had
7932 8872 255 104 been
8263 8877 260 137 kept
8565 8887 109 104 in

5972 8986 279 113 good
6298 8991 487 123 spiritual
6874 8995 581 123 condition,
7507 9000 184 99 the
7781 9014 524 128 meetings
8362 9024 307 128 being

5976 9118 236 90 well
6312 9118 553 137 attended;
6969 9123 213 99 and
7276 9128 128 104 he
7498 9161 213 76 saw
7762 9165 137 80 no
7994 9175 373 80 reason
8443 9156 227 132 why

5976 9246 340 113 under
6411 9255 156 109 his
6666 9288 581 109 successor,
7346 9274 180 104 the
7592 9279 298 109 work
7980 9321 246 99 may
8277 9307 189 90 not
8542 9302 132 99 be

5976 9392 416 123 pushed
6482 9397 420 128 rapidly
6997 9406 496 99 forward.
7635 9411 165 99 He
7909 9420 515 104 exhorted
8490 9435 180 94 the

5972 9520 402 104 church
6458 9529 109 99 to
6666 9524 246 109 take
6959 9529 600 113 whomever
7606 9548 175 104 the
7852 9548 383 142 bishop
8329 9567 345 132 might

5976 9661 435 128 appoint
6468 9666 430 132 warmly
6950 9671 142 128 by
7143 9676 180 99 the
7375 9680 383 128 hands,
7814 9690 208 99 and
8102 9699 317 94 stand
8476 9652 175 180 °by

5972 9789 222 99 him
6288 9798 104 90 in
6491 9798 180 99 the
6765 9808 302 123 spirit
7162 9808 118 99 of
7346 9817 345 132 unity,
7748 9817 231 109 love
8031 9822 213 109 and
8296 9860 359 109 peace.

5976 9921 156 113 He
6217 9931 246 137 paid
6510 9973 61 71 a
6624 9935 250 142 high
6973 9940 397 113 tribute
7455 9954 109 104 to
7682 9954 165 113 his
7961 9969 704 142 predecessor,

5972 10068 406 132 Bishop
6425 10077 628 132 Dickerson,
7091 10091 213 94 and
7356 10096 227 99 said
7635 10096 231 104 that
7913 10106 180 94 the
8145 10115 364 104 future
8556 10124 118 94 of

5972 10200 373 109 Bethel
6397 10214 354 104 would
6846 10219 128 99 be
7068 10219 510 132 brighter,
7639 10261 283 76 more
8031 10247 350 99 useful
8461 10257 208 99 and

5976 10370 283 71 more
6354 10346 468 128 glorious
6907 10356 265 99 than
7257 10356 189 109 her
7540 10380 241 118 past
7833 10375 85 99 if
8013 10384 406 99 officers
8457 10389 213 99 and

5967 10479 378 132 people
6392 10483 350 104 would
6831 10488 128 99 be
7044 10493 439 104 faithful
7535 10512 113 94 to
7720 10507 274 104 God.
8135 10512 165 109 He
8334 10521 335 109 called

5972 10620 524 99 attention
6543 10630 113 94 to
6709 10620 184 109 the
6935 10630 231 104 fact
7224 10630 227 109 that
7493 10639 184 104 the
7795 10644 293 109 clerk
8187 10663 482 123 reported

5972 10767 109 90 to
6137 10753 184 109 the
6369 10762 208 104 last
6628 10767 383 104 official
7058 10762 354 113 Board
7465 10776 246 109 that
7757 10776 260 113 $690
8065 10795 123 94 of
8254 10795 165 104 his
8466 10805 156 94 sal-

5972 10923 189 99 ary
6213 10899 213 99 had
6515 10899 265 104 been
6865 10909 283 123 paid,
7205 10909 420 137 leaving
7658 10951 66 66 a
7776 10923 435 104 balance
8296 10937 118 94 of
8476 10932 198 109 S3O

5967 11031 345 99 which
6369 11031 194 104 has
6614 11036 260 104 been
6926 11041 307 104 made
7285 11079 184 99 up.
7611 11050 161 104 He
7819 11065 265 94 then
8164 11065 506 109 exhorted

5972 11159 184 109 the
6250 11173 728 104 unconverted
7030 11187 109 90 to
7191 11211 293 76 come
7554 11192 113 99 to
7715 11187 364 109 Christ
8126 11202 217 104 and
8424 11211 246 99 read

5972 11306 397 104 several
6420 11310 123 99 of
6609 11310 180 104 the
6836 11343 312 109 many
7186 11315 364 113 letters
7597 11334 591 137 approving
8235 11339 156 109 his
8490 11381 123 99 go-

5972 11443 184 132 ing
6213 11466 109 85 to
6369 11452 411 104 Africa.
6921 11457 227 99 The
7243 11461 553 137 following
7876 11509 175 66 are
8102 11513 61 66 a
8211 11485 203 99 few
8494 11518 118 71 ex-

5972 11598 373 109 tracts,
6397 11584 345 104 which
6798 11589 213 99 will
7068 11598 123 94 be
7238 11608 454 113 perused
7748 11608 250 99 with
8050 11617 472 104 interest:

6099 11740 411 146 Bishop
6557 11750 392 113 Brown
7002 11764 387 109 writes:
7488 11769 246 109 You
7833 11773 269 113 have
8178 11816 170 94 my
8438 11787 236 109 best

5976 11882 321 76 wishes
6331 11887 165 76 and
6534 11906 142 76 ray
6713 11910 354 71 prayers
7101 11896 189 76 that
7328 11901 189 76 God
7554 11920 194 76 may
7786 11929 411 71 preserve
8235 11920 165 76 and
8443 11920 227 76 keen

5967 11986 203 71 you,
6203 11976 165 71 and
6435 11981 255 71 make
6756 12000 165 71 you
6969 12005 222 52 even
7257 12005 241 57 more
7564 12000 293 71 useful
7899 12005 90 66 In
8050 12024 161 57 our
8239 12019 430 71 ancestral

5967 12057 203 80 land
6203 12066 208 71 than
6444 12085 175 71 you
6657 12071 217 76 have
6921 12080 222 66 Deen
7181 12076 90 71 In
7309 12080 156 71 the
7531 12085 194 76 land
7762 12090 94 71 of
7913 12109 217 71 your
8169 12094 265 80 birth.

6104 12184 406 137 Bishop
6605 12194 397 137 Payne:
7143 12203 109 99 If
7323 12208 184 99 the
7602 12208 288 109 Lord
8022 12222 321 104 Jesus
8480 12236 194 94 has

5967 12321 520 76 summoned
6553 12345 170 71 you
6756 12335 94 66 to
6917 12331 151 76 the
7134 12335 373 71 African
7545 12340 241 85 field,
7828 12350 38 66 1
7932 12369 146 66 say
8117 12359 52 33 “
8202 12354 128 76 Go
8372 12359 94 71 ?”
8509 12364 165 66 and

5967 12425 198 71 may
6227 12411 132 71 He
6463 12416 104 66 be
6647 12430 213 71 your
6931 12416 534 90 Counsellor,
7531 12444 222 71 your
7852 12435 283 76 Guide
8197 12444 165 71 and
8457 12463 217 57 your

5972 12496 430 71 Gracious
6468 12496 605 80 Commander.
7176 12506 241 76 Then
7488 12515 213 71 shall
7743 12539 170 66 you
7956 12524 99 71 be
8098 12543 236 61 more
8376 12534 293 71 useful

5972 12581 90 71 In
6104 12586 317 76 Africa
6458 12586 208 76 than
6704 12609 217 71 your
6954 12595 307 76 ardent
7299 12595 246 85 heart
7583 12605 146 76 has
7762 12609 260 76 dared
8060 12624 90 71 to
8187 12619 255 85 hope.
8490 12624 184 80 The

5972 12676 227 76 Lord
6236 12676 109 76 be
6383 12680 222 71 with
6643 12685 236 85 thee,
6917 12704 142 71 my
7096 12685 203 76 dear
7332 12713 156 52 son
7526 12694 402 80 Thomas.
8022 12709 71 71 O
8131 12728 189 66 may
8362 12713 128 71 He
8565 12718 109 76 be

5962 12770 151 71 the
6146 12770 402 90 strength
6576 12775 94 71 of
6694 12794 222 66 your
6945 12780 250 71 heart
7228 12784 165 66 and
7446 12803 222 71 your
7701 12794 350 80 portion
8121 12803 354 71 forever

6099 12893 402 132 Bishop
6553 12902 562 128 Wayman:
7172 12907 250 128 May
7474 12912 180 99 the
7776 12917 236 99 God
8131 12926 123 99 of
8320 12926 354 104 Jacob

5967 13039 109 66 go
6109 13025 222 71 with
6369 13039 175 66 you
6567 13044 288 57 across
6888 13030 151 76 the
7077 13049 307 57 ocean.

6099 13153 406 137 Bishop
6562 13157 624 113 Dickerson:
7243 13167 420 113 Honors
7715 13181 208 104 and
7975 13186 699 113 emoluments

5967 13290 274 71 await
6274 13309 165 71 you
6477 13294 241 76 here.
6813 13294 222 94 Why
7077 13304 180 71 this
7290 13304 33 71 ?
7422 13304 170 80 But
7625 13328 170 76 you
7833 13290 180 99 will
8055 13323 246 71 stand
8386 13328 90 71 In
8523 13332 151 76 the

5962 13375 340 94 faculty
6326 13398 94 57 as
6449 13403 109 52 an
6586 13384 369 76 African
6992 13389 510 80 Methodist.
7559 13398 80 76 It
7677 13417 189 71 may
7909 13408 104 71 be
8050 13408 189 76 that
8296 13413 378 80 through

5962 13483 203 104 you,
6265 13474 184 71 God
6524 13474 184 71 will
6822 13479 241 71 solve
7124 13483 151 71 the
7361 13488 392 85 problem
7833 13493 142 71 for
8055 13512 123 71 us,
8220 13502 146 71 the
8433 13512 194 76 prob-

5967 13559 175 66 lem
6180 13559 99 71 of
6312 13578 109 52 an
6468 13564 425 76 effective
6926 13573 803 94 superintendency
7767 13583 94 66 of
7894 13597 161 57 our
8098 13592 231 66 work
8367 13592 90 66 in
8513 13597 109 66 Af-

5967 13644 213 71 rica.

6099 13772 231 99 Rev
6444 13772 151 109 Dr
6709 13781 364 99 James
7124 13781 142 104 H.
7394 13786 132 99 A.
7583 13786 529 132 Johnson,
8169 13800 340 109 editor
8556 13809 118 104 of

5962 13904 151 71 the
6156 13904 364 90 African
6557 13909 458 80 Methodut:
7058 13918 420 76 America
7512 13923 184 76 will
7753 13937 151 66 not
7942 13928 104 80 be
8083 13937 402 80 bettered
8561 13946 113 76 bv

5967 14013 213 71 your
6213 13998 472 90 departure
6713 14003 411 80 however
7157 14017 260 66 much
7465 14017 312 76 Africa
7809 14036 194 76 may
8046 14027 99 76 be
8220 14027 454 85 Improved

5972 14083 104 90 by
6146 14107 222 66 your
6439 14098 350 66 arrival.
6888 14098 43 66 I
6997 14117 137 52 am
7200 14102 312 71 almost
7578 14117 557 66 constrained
8178 14121 90 66 to
8301 14126 373 80 say,—O,

5967 14178 208 66 dear
6241 14178 383 80 brother,
6694 14183 246 71 don’t
7002 14206 132 66 go.
7233 14187 175 71 But
7474 14206 137 76 my
7682 14211 350 71 prayers
8065 14216 146 57 are
8277 14206 189 71 that
8499 14225 175 61 you

5967 14277 194 71 may
6198 14263 109 66 be
6345 14268 487 85 protected,
6865 14272 321 85 guided
7219 14277 170 71 and
7455 14282 468 80 preserved
7984 14291 690 80 whithersoever

5967 14367 175 71 you
6180 14367 198 71 may
6411 14372 142 66 go.

6099 14480 170 99 Mr
6387 14485 250 99 Sam
6685 14485 33 99 1
6836 14485 109 99 J.
7068 14490 534 137 Stokeley:
7687 14494 47 99 I
7809 14504 203 99 feel
8135 14509 241 99 that
8490 14513 184 104 the

5967 14608 331 76 church
6345 14613 165 71 and
6543 14617 151 71 the
6732 14622 548 90 community
7313 14631 94 66 at
7441 14627 231 90 large
7701 14646 156 57 can
7899 14636 94 71 ill
8031 14636 269 76 afford
8362 14646 90 71 to
8490 14641 180 80 lose

5967 14702 151 71 the
6184 14702 373 76 benefits
6600 14707 99 71 of
6742 14726 222 71 your
6997 14717 746 90 progressiveness
7776 14726 90 71 at
7899 14726 175 71 this
8112 14731 246 76 time.
8457 14731 213 80 lam

5967 14792 491 85 conscious,
6520 14797 430 85 however,
6987 14806 189 71 that
7209 14806 151 71 the
7431 14806 198 76 field
7739 14816 189 71 into
7965 14816 288 76 which
8320 14839 170 66 you
8523 14844 146 52 are

5967 14882 269 71 about
6274 14891 94 61 to
6397 14891 255 66 enter
6685 14891 76 66 Is
6822 14906 165 57 one
7025 14896 94 66 of
7167 14896 146 66 the
7351 14901 406 80 grandest
7795 14910 581 76 proportions.
8476 14915 194 76 May

5967 14972 151 66 the
6175 14972 321 71 almost
6562 14972 562 85 phenominal
7186 14995 350 57 success
7569 14986 194 76 that
7795 14991 151 71 has
8022 14995 416 76 attended
8499 15019 170 57 you

5967 15052 213 76 here
6217 15057 109 71 be
6359 15061 402 80 equalled
6798 15061 90 71 in
6921 15066 142 71 far
7096 15066 123 71 off
7252 15071 340 66 Africa.

6104 15180 260 99 Prof
6416 15180 165 104 W.
6647 15180 151 109 M.
6855 15184 260 104 Dart
7214 15194 113 94 of
7394 15189 600 132 Columbia,
8050 15198 104 104 S.
8239 15203 113 104 C:
8409 15208 52 99 I
8513 15241 104 71 re-

5967 15317 194 80 gret,
6203 15317 94 66 to
6335 15312 222 76 have
6591 15331 170 76 you
6798 15335 109 71 go
6940 15335 94 57 so
7068 15321 142 71 far
7243 15321 227 76 from
7521 15345 128 52 us.
7743 15326 165 80 Bat
7946 15331 151 76 the
8135 15340 194 71 true
8367 15340 298 76 friend

5967 15397 312 76 should
6312 15416 269 61 never
6619 15406 104 71 be
6756 15411 411 71 actuated
7205 15411 109 90 by
7380 15416 293 76 selfish
7739 15420 411 76 m.tives.
8244 15430 170 71 For
8490 15430 180 76 this

5967 15506 307 57 reason
6345 15491 38 71 I
6449 15491 557 94 reluctantly,
7044 15510 175 76 yet,
7257 15515 90 57 as
7413 15506 491 94 cheerfully
7942 15529 90 57 as
8069 15520 406 80 possible,
8518 15520 146 76 bld

5967 15595 175 76 you
6175 15581 260 76 adieu
6468 15581 175 71 and
6690 15605 52 52 a
6784 15586 302 94 hearty
7143 15591 520 90 God-speed.

6104 15709 265 99 Miss
6487 15713 350 99 Hallie
6954 15718 123 128 Q.
7134 15713 430 123 Brown,
7635 15728 184 99 the
7890 15728 775 128 distinguished

5972 15836 576 76 elocutionist
6609 15841 94 71 of
6746 15841 581 76 Wilberforce
7370 15846 543 94 University,
7989 15855 269 76 Ohio:
8301 15860 118 76 At
8485 15865 184 76 first

5976 15921 33 71 I
6043 15945 170 52 was
6250 15926 444 90 horrified,
6765 15931 213 76 then
7039 15935 487 90 surprised;
7564 15940 213 76 then
7809 15945 236 76 af‘er
8112 15945 354 94 looking
8513 15959 151 71 the

5972 16025 321 71 matter
6354 16020 265 94 fairly
6652 16025 165 71 and
6898 16030 411 90 squarefy
7375 16030 90 76 in
7531 16030 151 76 the
7743 16039 231 80 face,
8041 16039 38 71 1
8126 16044 184 71 said
8339 16063 52 52 a
8419 16058 250 76 great

5972 16106 203 76 loud
6213 16120 52 28 “
6302 16115 373 80 Amen,”
6713 16120 194 66 that
6945 16134 246 57 came
7257 16120 231 71 from
7526 16120 151 76 the
7734 16143 208 71 very
7984 16129 335 76 bottom
8357 16139 94 66 of
8523 16153 142 61 my

5972 16195 283 71 heart.

6104 16323 260 109 Prof
6411 16328 132 104 D.
6605 16328 128 104 A.
6836 16328 449 132 Shaker,
7365 16337 298 109 Dean
7734 16342 123 104 of
7923 16342 184 109 the
8159 16346 250 109 Law
8461 16351 198 109 De-

5967 16469 477 146 Sartment,
6482 16465 260 71 Allen
6784 16469 548 90 University,
7403 16474 487 85 Columbia,
7956 16483 85 66 S.
8107 16483 487 76 C:lamun-

6028 16550 307 71 eclded
6402 16573 94 47 as
6543 16559 94 61 to
6709 16554 151 66 the
6912 16559 373 66 wisdom
7346 16559 99 71 of
7488 16578 222 66 your
7776 16583 194 52 case
8041 16578 312 80 except
8391 16592 90 47 as
8513 16573 146 71 the

5967 16635 208 85 path
6241 16639 94 66 of
6402 16635 213 90 duty
6685 16639 326 76 directs
7077 16658 208 71 you.
7380 16644 283 94 Along
7724 16649 222 76 with
8013 16672 170 71 you
8249 16658 165 71 and
8452 16658 208 76 Prof

5972 16715 312 80 Brown
6321 16729 269 90 ought
6624 16729 90 76 to
6746 16748 109 71 go
6888 16729 302 90 $50,000
7224 16743 90 66 to
7351 16734 113 76 be
7502 16739 454 90 expended
7998 16743 85 76 in
8126 16753 482 76 manufacto-

5967 16814 203 90 ries,
6213 16819 411 85 farming,
6661 16828 208 76 etc.,
6907 16824 213 71 then
7181 16828 472 76 education
7691 16838 180 66 will
7904 16838 213 66 live.

6099 16975 236 99 Rev
6378 16975 128 104 B.
6572 16984 161 94 W.
6789 16984 425 123 Arnett,
7266 16984 591 113 Nashville.
7942 16994 392 137 Tenn.;
8391 16998 52 104 I
8490 17036 175 71 am

5967 17126 213 76 very
6241 17126 241 76 sorry
6548 17112 94 76 to
6709 17112 255 76 think
7030 17117 94 76 of
7172 17135 170 71 you
7389 17121 350 94 leaving
7800 17126 180 71 this
8046 17140 397 80 country,
8509 17135 156 76 but

5967 17202 255 71 when
6260 17197 28 76 1
6331 17202 203 71 look
6567 17211 90 61 at
6694 17206 151 66 the
6883 17216 321 61 matter
7243 17211 90 71 in
7365 17216 151 66 the
7554 17211 222 85 light
7857 17216 94 71 of
7998 17220 151 71 the
8235 17225 387 80 possibili-

5967 17291 175 66 ties
6175 17291 99 66 of
6350 17291 151 71 the
6567 17306 198 57 race
6831 17291 165 71 and
7063 17296 151 71 the
7280 17301 657 90 responsibility
8013 17306 99 71 of
8164 17306 156 76 the
8386 17324 283 71 young

5967 17386 208 61 men
6208 17381 94 66 to
6335 17376 189 76 God
6591 17381 165 71 and
6794 17381 151 71 the
7016 17395 227 76 race,
7290 17381 38 76 1
7365 17400 132 57 am
7540 17386 335 94 willing
7942 17395 94 71 to
8069 17400 208 71 send
8315 17419 170 66 you
8523 17419 142 66 my

5967 17461 307 94 hearty
6335 17471 780 90 congratulations.
7209 17480 128 71 Go
7403 17480 165 71 and
7639 17480 151 71 tell
7833 17504 156 47 onr
8027 17485 241 76 older
8310 17490 359 76 brother

5967 17556 194 71 that
6189 17561 113 66 he
6373 17570 227 61 must
6652 17561 364 71 educate
7054 17561 151 76 the
7276 17565 236 71 mind
7569 17575 94 66 to
7729 17570 288 80 think,
8074 17575 146 71 she
8291 17575 250 76 heart
8575 17589 90 61 to

5967 17641 198 71 love
6231 17641 170 76 and
6468 17646 151 71 the
6690 17646 269 71 hands
6997 17655 90 66 to
7115 17650 236 76 work
7389 17655 137 71 for
7564 17655 184 76 God
7819 17660 165 71 and
8050 17660 146 76 the
8235 17683 231 66 race,
8499 17669 170 76 and

5967 17750 194 66 may
6194 17731 151 76 the
6383 17750 416 71 presence
6831 17740 99 71 of
6992 17740 151 76 the
7181 17740 222 90 Holy
7446 17745 184 71 One
7663 17750 94 71 of
7805 17750 217 76 Zion
8060 17750 104 76 be
8202 17759 217 71 with
8466 17778 198 71 you.

6099 17863 146 99 Dr
6293 17863 416 128 Blyden
6756 17872 383 94 writes:
7228 17872 47 94 I
7328 17877 274 94 have
7658 17877 605 104 discovered
8329 17891 109 90 in
8490 17896 180 90 the

5967 17991 255 71 south
6279 18009 47 52 a
6359 18005 246 76 great
6638 17995 165 66 and
6836 18000 397 90 growing
7266 18000 378 80 Interest
7682 18005 85 71 in
7805 18005 151 76 the
7989 18009 553 94 redemption
8575 18019 99 80 of

5967 18080 340 76 Africa.
6411 18080 350 80 Several
6798 18085 402 85 students
7238 18094 217 76 have
7493 18094 364 80 decided
7894 18109 90 66 to
8022 18123 99 71 go
8159 18109 94 76 to
8315 18109 359 80 Liberia

5972 18175 170 71 and
6175 18175 439 90 complete
6652 18180 236 71 their
6921 18184 335 76 studies
7299 18189 85 71 in
7413 18184 354 76 Liberia
7833 18194 378 85 College.
8310 18203 364 71 Atlanta

5972 18260 543 104 University,
6586 18269 189 76 Ga.,
6846 18269 184 66 will
7096 18274 345 66 furnish
7507 18274 80 76 2;
7658 18274 255 71 Clark
7980 18279 543 85 University,
8589 18293 76 66 2-

5967 18345 345 90 Baptist
6397 18340 539 104 University,
7006 18359 515 90 Richmond,
7583 18359 184 90 Va.,
7838 18364 76 85 8;
7956 18364 312 80 Biddle
8306 18373 312 80 Univer-

5967 18435 208 90 sity,
6213 18439 80 80 2;
6335 18439 439 90 Hampton
6817 18444 454 90 Institute,
7309 18449 104 76 12.
7512 18454 118 76 At
7672 18454 435 94 Hampton
8145 18468 335 71 several
8546 18472 85 71 fe-

5972 18529 227 71 male
6269 18534 402 71 students
6737 18543 161 71 put
6959 18539 236 71 their
7261 18557 298 52 names
7620 18548 255 66 down
7909 18553 90 66 to
8031 18567 109 61 go
8173 18557 94 61 to
8306 18553 236 71 work
8580 18557 94 66 in

5981 18614 369 71 Liberia
6397 18619 255 66 when
6690 18614 378 85 through
7096 18624 236 71 their
7380 18628 364 66 studies.

6094 18732 231 109 The
6373 18742 458 109 services
6888 18742 142 109 all
7087 18742 203 146 day
7342 18784 269 76 were
7658 18751 203 109 full
7899 18751 113 113 of
8079 18761 392 137 special
8513 18770 109 104 in-

5967 18888 364 94 terest.
6472 18883 128 99 30
6699 18917 435 99 persons
7209 18926 269 66 were
7564 18902 515 94 admitted
8173 18907 227 99 into
8494 18917 184 90 the

5967 19016 402 99 church
6463 19049 137 71 on
6699 19025 279 123 trial,
7035 19025 208 104 and
7337 19030 123 99 12
7507 19058 265 76 were
7852 19030 317 109 taken
8206 19039 217 109 into
8476 19049 198 99 lull

5967 19157 742 137 membership.
6865 19162 151 104 Dr
7068 19162 132 109 D.
7257 19167 156 104 K.
7498 19167 638 132 McDonald,
8197 19181 175 99 the
8424 19186 189 99 emi-

5967 19304 255 90 nent
6321 19294 595 132 physician,
6969 19304 369 94 united
7413 19304 255 99 with
7776 19309 416 99 Bethel.
8339 19313 340 104 There

5962 19455 213 76 was
6312 19427 321 104 much
6728 19427 548 142 rejoicing.
7427 19436 331 142 Many
7885 19465 269 113 wept
8296 19450 359 109 aloud.

5967 19569 265 104 Prof
6317 19573 458 99 Stewart
6827 19573 208 99 will
7068 19573 293 104 leave
7413 19611 137 66 on
7602 19583 184 99 the
7838 19587 255 94 10th
8140 19592 302 123 inst.,
8504 19597 175 94 for

5967 19701 591 132 Columbia,
6676 19706 113 104 S.
6912 19706 180 128 C.,
7143 19710 350 104 where
7606 19715 132 104 he
7791 19715 208 104 will
8074 19720 312 109 settle
8504 19720 170 113 his

5967 19843 420 113 family.

6506 20107 94 80 A
6685 20107 435 85 Grand
7195 20112 950 94 Presentation.

6109 20258 99 99 A
6250 20254 345 132 grand
6643 20263 728 123 presentation
7469 20263 260 94 took
7781 20268 298 123 place
8126 20277 113 90 at
8329 20268 132 99 A.
8523 20268 151 104 M.

5967 20391 142 104 E.
6203 20391 260 99 Zion
6515 20391 430 104 Church
7039 20424 132 76 on
7228 20395 208 104 last
7531 20391 392 146 Friday
8008 20400 487 142 evening,
8551 20443 137 66 on

5976 20532 184 99 the
6231 20532 487 104 occasion
6817 20532 118 104 of
7030 20532 180 104 the
7299 20532 567 109 Christmas
7951 20551 250 94 tree.
8353 20551 331 94 Santa

5976 20665 321 104 Claus
6350 20669 312 99 made
6756 20669 161 99 his
6997 20702 657 94 appearance
7743 20679 331 99 about
8121 20679 57 99 9
8230 20679 454 123 o’clock,

5976 20802 420 132 heavily
6444 20802 354 132 laden,
6855 20811 213 99 and
7120 20811 643 99 distributed
7819 20816 156 99 his
8041 20816 260 132 gifts
8348 20825 113 94 to
8509 20820 180 104 the

5976 20943 477 99 children
6506 20948 123 94 of
6671 20943 184 104 the
6898 20943 477 109 Sabbath
7413 20948 439 137 School;
7937 20953 435 137 making
8419 20957 274 99 their

5976 21076 274 104 little
6326 21076 354 109 hearts
6732 21080 241 137 leap
7039 21085 170 104 for
7257 21085 227 137 joy.
7625 21085 227 104 The
7899 21090 402 109 lecture
8395 21128 288 71 room

5976 21217 118 104 of
6142 21217 180 104 the
6378 21222 402 99 church
6831 21255 213 71 was
7091 21222 293 104 filled
7431 21241 109 85 to
7569 21227 137 104 its
7753 21241 406 90 utmost
8206 21241 487 123 capacity

5976 21359 265 94 with
6331 21359 189 94 the
6614 21359 520 123 children,
7186 21359 279 99 their
7559 21373 463 118 parents,
8107 21369 581 128 guardians

5976 21496 213 94 and
6283 21491 444 104 friends.
6879 21496 227 104 The
7157 21501 283 99 most
7507 21496 633 142 interesting
8220 21506 468 104 features

5981 21633 524 123 however,
6562 21666 269 71 were
6921 21652 208 85 two
7200 21638 345 123 grand
7620 21647 808 118 presentations,
8485 21676 203 71 one

5976 21775 113 94 to
6142 21765 430 104 Madam
6628 21765 482 128 Virginia
7186 21770 449 137 Setigee,
7672 21775 184 104 the
7909 21803 454 109 soprano
8409 21780 274 137 sing,

5976 21940 118 71 er
6132 21907 118 104 of
6321 21907 184 104 the
6553 21907 449 128 church,
7054 21907 213 109 and
7318 21912 175 99 the
7540 21917 302 99 other
7894 21921 109 94 to
8060 21921 227 99 Rev
8339 21921 137 99 R.
8532 21921 142 99 H.

5976 22049 132 94 G.
6208 22044 411 128 Dyson,
6699 22049 184 94 the
6959 22054 402 118 pastor.
7507 22044 175 99 Mr
7753 22044 128 104 E.
7984 22049 137 94 V.
8197 22049 123 99 C.
8367 22054 317 118 Eato,

5976 22181 548 128 president
6567 22176 118 104 of
6732 22176 180 104 the
6973 22176 321 109 board
7323 22176 118 99 of
7488 22186 487 123 trustees,
8013 22181 109 104 in
8164 22181 369 109 behalf
8575 22186 118 104 of

5976 22318 189 99 the
6241 22318 392 99 donors
6713 22318 553 128 presented
7318 22318 435 99 Madam
7833 22323 411 132 Setigee
8296 22328 255 94 with
8622 22361 66 61 a

5976 22479 255 113 very
6331 22450 581 109 handsome
7002 22450 250 137 gold
7351 22450 383 137 watch,
7824 22455 213 113 and
8107 22455 302 113 made
8509 22460 180 113 the

5976 22602 723 128 presentation
6751 22602 420 132 speech.
7323 22597 165 104 He
7535 22602 246 128 paid
7833 22639 61 66 a
7956 22602 255 132 high
8258 22611 369 123 compli-

5976 22753 298 80 ment
6321 22748 109 85 to
6529 22734 241 99 that
6850 22734 250 132 lady
7186 22734 165 99 for
7441 22734 184 99 the
7715 22767 449 99 respect,
8254 22748 425 118 esteem,

5976 22866 213 109 and
6241 22871 765 137 appreciation,
7063 22871 104 104 in
7219 22866 345 109 which
7616 22871 184 104 she
7880 22885 85 94 is
8017 22876 241 104 held
8310 22880 142 128 by
8509 22876 175 104 the

5976 23013 402 94 church
6439 23013 213 94 and
6746 23008 189 99 her
7030 23041 321 90 many
7446 23013 454 128 friends;
7984 23013 203 94 and
8282 23013 170 94 for
8499 23013 189 94 her

5976 23154 321 94 sweet
6392 23140 586 109 melodious
7077 23140 335 128 voice,
7507 23145 340 109 which
7923 23140 420 113 charms
8471 23145 213 109 and

5976 23296 619 123 enraptures
6643 23287 142 99 all
6869 23287 231 99 who
7153 23287 255 99 hear
7498 23287 118 99 it.
7762 23291 430 99 Madam
8272 23287 411 128 Setigee

5981 23452 208 66 was
6241 23424 378 99 absent
6666 23424 350 128 owing
7054 23424 109 94 to
7209 23419 794 132 indisposition;
8088 23452 113 71 so
8254 23419 425 104 Madam

5972 23551 449 128 Burton,
6472 23556 184 104 the
6746 23556 510 132 organist,
7309 23556 472 109 received
7876 23556 175 104 the
8121 23556 350 104 watch
8570 23565 104 90 in

5972 23693 184 99 her
6241 23698 402 118 behalf,
6732 23698 213 99 and
7002 23693 302 104 made
7351 23726 66 71 a
7507 23726 260 104 very
7814 23707 246 90 neat
8112 23693 213 104 and
8400 23702 274 94 terse

5967 23830 439 109 address
6454 23835 109 104 in
6614 23830 331 137 reply.
7096 23830 227 113 The
7370 23830 392 113 donors
7814 23868 260 76 were
8173 23830 175 113 the
8400 23854 222 90 trus-

5972 23986 217 90 tees
6326 23976 217 99 and
6633 23976 293 99 clerk
7020 23976 113 99 of
7252 23976 184 94 the
7526 23976 439 118 church,
8083 23976 591 99 Mesdames

7209 4691 331 76 well!

7091 5565 506 85 EVENING.

8887 1479 416 118 Rachel
9392 1498 520 146 Johnson,
10035 1521 373 113 Hattie
10498 1531 312 113 Bank
10932 1550 118 104 of
11135 1545 444 142 Boston;

8882 1687 24 33 ’
9652 1644 307 132 Mary
10035 1654 279 113 Pord
10365 1672 118 99 of
10578 1677 255 109 New
10880 1682 430 142 Haven;
11372 1701 217 99 An-

8887 1791 170 76 me
9137 1772 548 137 Williams,
9742 1791 425 109 Samuel
10266 1805 487 113 Johnson
10800 1824 123 99 of
11008 1824 572 128 Hartford;

8882 1909 241 123 Roy
9175 1909 118 99 of
9345 1913 255 104 New
9652 1918 676 142 Brunswick,
10370 1946 142 104 N.
10569 1946 165 132 J.;
10795 1951 128 104 R.
10980 1956 109 104 H
11187 1965 80 99 G
11376 1970 142 109 Dv-

8887 2060 194 76 son
9118 2041 113 99 of
9283 2041 742 151 Washington,
10087 2069 128 104 D.
10276 2074 180 137 0.;
10535 2079 387 118 Messrs
10975 2093 293 137 Hall,
11324 2102 198 109 Hat-

8882 2183 231 113 ton,
9198 2183 274 104 Rich
9591 2197 213 104 and
9917 2206 350 109 Smith
10380 2220 123 99 of
10592 2225 184 104 the
10843 2230 260 104 New
11206 2239 383 109 Haven

8887 2310 510 137 Steamer,
9496 2324 718 128 Continental.
10361 2357 312 104 After
10762 2362 180 104 the
11065 2395 468 104 presenta-

8891 2461 217 85 tion
9198 2461 113 90 to
9411 2457 425 118 Madam
9935 2476 449 142 Setigee,
10488 2490 222 109 Mrs
10824 2499 411 118 Fannie
11348 2513 241 109 Van

8887 2603 539 118 B’.ounck,
9477 2631 198 76 one
9723 2613 113 99 of
9931 2617 184 104 the
10162 2636 274 90 most
10488 2641 600 118 prominent
11159 2650 217 104 and
11419 2688 113 66 ac-

8882 2726 661 128 complished
9581 2735 335 109 ladies
9964 2759 118 94 of
10129 2754 175 104 the
10356 2764 454 132 church,
10857 2783 449 118 stepped
11376 2787 161 109 for-

9529 2877 265 184 sajd;
10209 2896 180 104 the
10455 2920 420 94 earnest
10961 2934 425 118 request
11476 2934 113 99 of

8882 2986 231 109 Rev
9184 2995 165 118 W.
9411 3005 123 109 k.
9591 3014 496 132 Randall,
10143 3033 52 99 I
10280 3033 690 151 reluctlantly
11017 3071 572 99 consented

8882 3142 118 85 to
9047 3161 189 104 say
9288 3175 66 66 a
9397 3146 203 99 few
9657 3161 373 128 words,
10087 3184 761 128 accompaning
10932 3184 180 109 the
11169 3231 354 90 presen-

8887 3274 335 99 tation
9279 3283 109 90 to
9435 3312 194 71 our
9671 3312 392 104 pastor.
10214 3307 52 99 I
10313 3307 274 132 hope
10677 3317 170 104 the
10899 3335 680 118 experienced

8882 3402 506 132 speakers
9534 3444 416 109 present
10044 3439 213 104 will
10380 3444 123 109 be
10597 3449 387 113 lenient
11102 3501 109 71 in
11310 3472 274 109 their

8877 3557 572 118 judgment
9491 3562 113 99 of
9699 3567 180 99 the
9954 3576 827 128 inexperienced.
10928 3600 231 99 Rev
11235 3609 137 99 R.
11428 3614 142 94 H.

8882 3685 128 85 G.
9113 3685 402 123 Dyson,
9576 3718 269 80 most
9893 3699 378 142 highly
10365 3723 515 109 esteemsd
10980 3746 397 118 pastor.
11528 3746 47 104 I

8882 3813 765 217 WTd
9709 3865 1072 132 “you,
10833 3874 109 99 in
11003 3879 359 109 behalf
11461 3898 123 99 of

8882 3964 208 90 Bro
9146 3964 165 94 W.
9373 3978 123 85 h.
9557 3973 496 128 Randall,
10106 3997 208 90 two
10380 4002 477 99 volumes
10899 4011 118 90 of
11065 4016 180 94 the
11291 4020 288 113 Holy

8877 4091 312 94 Bible
9236 4091 652 146 Dictionary,
9945 4143 113 66 as
10139 4148 61 71 a
10247 4120 321 109 token
10625 4134 118 99 of
10833 4134 165 104 his
11041 4157 302 109 great
11391 4186 123 80 ap-

8877 4238 591 104 preciation
9557 4238 213 104 and
9865 4247 236 104 love
10148 4252 175 104 for
10413 4290 246 99 you.
10809 4271 47 99 I
10909 4276 269 132 hope
11258 4290 109 99 in
11419 4323 104 66 re-

8877 4380 416 109 ceiving
9335 4365 180 99 the
9572 4375 364 128 books,
9978 4417 208 94 you
10224 4422 246 104 may
10521 4398 227 104 find
10781 4408 288 104 them
11121 4417 113 99 of
11277 4441 302 94 great

8877 4512 184 76 use
9156 4512 104 85 to
9354 4531 260 109 you;
9690 4517 246 123 and,
9992 4521 524 137 although
10554 4540 217 99 this
10819 4545 85 94 is
10980 4583 57 66 a
11088 4564 482 113 personal

8877 4644 246 104 gilt,
9175 4644 80 85 it
9307 4663 350 80 comes
9737 4654 274 99 from
10110 4691 194 71 one
10356 4668 109 99 of
10526 4701 61 66 a
10635 4677 402 118 people,
11102 4687 231 104 who
11428 4696 142 99 all

8877 4757 335 109 desire
9255 4795 109 71 in
9458 4772 340 137 heart,
9855 4800 104 90 to
10049 4791 128 104 be
10247 4795 109 104 in
10431 4805 321 104 union
10843 4819 246 99 with
11159 4857 208 76 vou
11461 4833 109 104 in

8877 4928 312 104 every
9279 4909 317 109 effort
9690 4956 203 90 you
9978 4961 246 94 may
10276 4942 312 99 make
10658 4951 298 99 while
11036 4961 255 99 with
11381 4994 175 80 us;

8877 5036 203 94 and
9137 5069 151 66 we
9335 5050 260 94 wish
9647 5055 236 104 that
9935 5060 80 99 it
10068 5065 345 132 might
10465 5074 123 99 be
10625 5083 487 123 possible,
11169 5088 246 113 that
11457 5098 109 109 in

8872 5178 439 132 reading
9406 5211 250 80 over
9746 5197 288 104 these
10082 5197 373 137 books,
10545 5216 213 104 and
10824 5220 472 137 defining
11386 5239 180 94 the

8872 5315 283 94 word
9203 5320 137 94 of
9411 5320 269 128 God,
9756 5362 288 71 some
10101 5343 269 99 word
10427 5348 340 128 might
10824 5353 123 104 be
10998 5367 557 123 explained

8868 5466 118 76 or
9024 5471 288 85 some
9383 5461 454 137 thought
9893 5499 317 80 occur
10257 5490 109 94 to
10417 5518 250 99 you.
10720 5490 241 109 that
11013 5532 128 76 wc
11187 5504 175 109 uld
11409 5509 99 109 in-

8868 5608 279 99 spire
9236 5622 208 99 you
9501 5613 109 85 to
9704 5613 387 118 preach
10191 5617 180 99 the
10465 5622 387 132 Gospel
10951 5641 255 94 with
11301 5674 255 71 even

8868 5745 283 66 more
9307 5740 647 104 intensenesj
10068 5745 265 104 than
10493 5787 213 99 you
10847 5764 274 104 have
11320 5806 241 76 ever

8872 5854 524 123 preached
9463 5863 85 104 it
9643 5877 208 123 yet.
9992 5882 246 104 And
10313 5887 236 104 that
10639 5896 109 99 in
10843 5901 279 99 after
11211 5943 302 85 years

8872 5991 298 94 when
9222 6024 203 90 you
9477 6000 274 104 shall
9846 6009 269 104 have
10167 6019 260 99 been
10526 6028 340 99 called
10913 6033 274 109 from
11258 6043 302 109 labor

8868 6123 99 94 to
9019 6132 435 128 reward,
9510 6142 208 104 and
9770 6175 265 104 your
10124 6165 246 123 past
10422 6165 364 109 record
10871 6170 265 109 shall
11187 6180 128 109 be
11400 6217 104 76 re-

8863 6269 340 104 ferred
9302 6288 146 109 to,
9501 6279 246 109 that
9789 6288 180 99 the
10054 6321 359 109 young
10455 6307 326 128 rising
10866 6312 534 109 ministers
11443 6331 113 99 of

8863 6454 94 132 \
8957 6411 151 90 hn
9118 6411 104 90 st
9302 6439 113 146 ?
9420 6444 128 99 ay
9595 6425 222 94 stru
9831 6420 175 132 oo^
10016 6458 52 66 e
10139 6430 265 99 hard
10483 6444 109 90 to
10649 6444 335 99 attain
11036 6449 180 104 the
11291 6454 260 132 high

8868 6543 548 123 standard,
9515 6553 213 99 and
9780 6562 175 99 the
10054 6567 430 109 marked
10578 6595 411 118 respect
11065 6586 231 109 that
11348 6628 198 90 you

8863 6676 269 99 have
9227 6685 647 113 maintained
9945 6699 458 137 through
10498 6709 227 109 life.
10876 6718 283 109 W’ith
11254 6732 293 109 these

8858 6817 472 99 remarks
9378 6817 52 99 I
9482 6841 416 109 present
9954 6865 203 99 you
10209 6846 293 99 these
10559 6850 364 109 books.

9113 7044 411 94 HOLY
9567 7063 392 90 CLUB
9992 7068 619 99 ANNUAL
10668 7087 624 99 DINNER.

8858 7252 90 76 A
8991 7252 66 80 *
9090 7271 217 61 eas
9312 7261 52 76 *
9402 7266 146 76 of
9643 7271 491 85 Reason
10181 7285 250 80 and
10469 7309 76 57 a
10592 7290 331 90 Flow
10965 7299 146 80 of
11202 7309 340 80 Soul.

8991 7389 222 104 The
9307 7408 392 104 annual
9770 7408 373 113 dinner
10191 7422 109 104 of
10394 7427 180 104 the
10635 7431 255 109 New
10984 7436 298 109 York
11334 7450 208 104 and

8854 7531 506 128 Newport
9477 7540 288 137 Ugly
9836 7550 444 137 Fishing
10351 7564 269 99 Club
10715 7573 208 99 will
11003 7606 317 76 never
11409 7587 132 99 be

8849 7668 572 118 forgotten.
9562 7687 364 99 About
10020 7691 61 94 6
10129 7691 416 104 o’clock
10592 7729 94 71 p.
10776 7729 156 104 m.,
10984 7739 137 71 on
11216 7710 260 113 Tues-

8854 7795 236 137 day,
9146 7800 482 151 January
9676 7814 99 132 2,
9831 7819 175 109 the
10091 7828 520 113 members
10658 7843 213 109 and
10956 7861 359 118 guests
11367 7861 113 104 be-

8844 7975 203 90 gan
9104 7956 109 90 to
9293 7956 340 99 arrive
9680 7970 118 90 at
9846 7961 180 104 the
10120 7975 416 123 elegant
10587 7984 524 104 residence
11164 7998 118 90 of
11372 7998 165 99 Mr

8849 8074 99 99 J.
8991 8074 142 99 H.
9184 8079 458 132 Bowers,
9690 8088 520 142 Douglass
10261 8112 359 128 street,
10658 8112 572 142 Brooklyn.
11310 8126 227 109 The

8844 8211 534 137 greetings
9430 8254 265 76 were
9746 8239 690 104 enthusiastic
10483 8249 213 104 and
10776 8254 180 104 the
11008 8263 468 104 introduc-

8854 8353 269 94 tions
9175 8386 250 99 very
9477 8367 435 99 cordial.
10068 8376 420 104 Several
10564 8395 402 118 guests,
11022 8400 515 109 members

8854 8485 104 99 of
9057 8485 175 104 the
9279 8490 746 151 Philadelphia
10068 8523 420 128 Annex,
10545 8528 468 109 received
11093 8570 66 71 a
11206 8575 321 76 warm

8849 8627 491 109 welcome
9392 8641 274 99 from
9713 8646 184 99 the
9987 8660 416 94 mother
10498 8660 283 104 club.
10932 8669 260 104 Prof
11258 8679 279 104 Chas

8849 8764 449 123 Reason,
9359 8773 151 99 Dr
9581 8773 118 104 P.
9784 8787 137 94 A.
10020 8783 359 109 White
10455 8797 213 99 and
10762 8797 307 104 Profs
11140 8806 123 104 T.
11348 8811 180 109 Me

8849 8896 321 109 Cants
9260 8906 510 113 Stewarts
9822 8920 203 104 and
10101 8924 402 137 Dorsey
10569 8962 250 71 were
10913 8967 387 99 among
11348 8953 180 99 the

8839 9043 340 109 guest.

8976 9175 146 104 At
9194 9175 57 109 7
9335 9213 57 76 o
9444 9180 312 113 dock
9850 9184 184 113 the
10124 9194 246 113 club
10465 9203 213 109 and
10772 9208 274 109 their
11131 9217 397 109 friends

8844 9350 260 61 were
9156 9321 331 99 called
9539 9354 142 94 up
9732 9331 109 90 to
9912 9364 420 90 supper.
10483 9345 685 104 Commodore
11216 9354 104 99 J.
11376 9354 142 99 H.

8844 9444 416 99 Bowers
9354 9458 482 123 presided
9888 9468 109 99 at
10072 9468 180 104 the
10332 9472 321 109 table.
10800 9477 161 109 On
11013 9482 165 109 his
11244 9487 283 137 right

8844 9595 161 90 sat
9043 9581 255 109 Prof
9392 9591 416 104 Reason
9850 9600 208 99 and
10110 9638 137 71 on
10290 9609 161 99 his
10493 9614 198 99 left
10724 9619 265 99 Prof
11031 9624 491 99 Stewart.

8844 9718 151 94 Dr
9057 9718 345 104 White
9454 9728 208 94 and
9713 9728 265 104 Prof
10068 9732 397 142 Dorsey
10517 9780 260 71 were
10828 9780 132 71 on
11013 9756 180 104 the
11244 9756 283 142 right

8844 9850 113 109 of
9009 9850 250 113 Prof
9312 9855 458 118 Reason.
9912 9874 94 104 A
10058 9874 321 146 lively
10469 9921 345 99 group
10861 9931 265 76 were
11220 9902 246 132 gath-

8844 9997 236 104 ered
9128 10011 113 90 at
9335 10006 180 99 the
9567 10011 307 99 other
9964 10020 208 94 end
10261 10025 113 94 of
10465 10030 180 99 the
10743 10035 288 99 table
11121 10044 406 99 around

8844 10134 231 99 vice
9123 10134 723 132 Commodore,
9902 10148 104 104 J.
10068 10153 175 99 W.
10332 10153 321 109 Mars.
10800 10167 496 137 Friendly
11372 10176 104 99 in-

8844 10266 624 132 terchanges
9567 10280 118 94 of
9780 10285 312 104 views
10233 10323 137 71 on
10465 10299 454 123 politics,
11003 10309 520 132 business,

8844 10403 397 128 Africa,
9298 10413 638 132 anecdotes,
10035 10436 562 118 repartees,
10654 10436 345 104 sallies
11093 10450 118 99 of
11301 10450 213 123 wit,

8849 10545 246 118 etc.,
9151 10540 491 137 laughter
9690 10554 213 99 and
9954 10559 194 104 fun
10205 10597 265 71 were
10535 10573 463 132 mingled
11046 10587 246 99 with
11348 10587 180 109 the

8844 10677 312 104 rattle
9246 10687 109 99 of
9449 10687 406 132 knives,
9912 10696 335 132 forks,
10304 10706 402 128 glasses
10800 10720 213 99 and
11098 10753 425 99 spoons.

8858 10819 246 99 This
9146 10819 548 132 delighted
9742 10833 416 104 feature
10205 10847 118 94 of
10413 10843 180 104 the
10644 10857 449 128 evening
11187 10861 340 104 lasted

8844 10951 274 99 until
9161 10956 364 128 nearly
9576 10965 373 99 twelve
10006 10970 449 109 o’clock.

9888 11164 208 76 THE
10143 11173 331 76 MENU.

8972 11258 71 71 1.
9090 11258 208 71 Half
9331 11258 213 76 shell
9586 11272 846 80 oysters—Sauterne
10469 11282 255 80 wine.

8967 11348 76 71 2.
9085 11348 260 71 Mock
9378 11353 269 76 turtle
9685 11376 241 71 soup,

8967 11438 71 76 3.
9085 11438 345 76 Salmon
9477 11443 217 76 with
9732 11447 524 80 Holondalre
10294 11471 283 66 sauce.

8967 11528 66 66 4.
9090 11528 260 71 Roast
9383 11528 165 71 and
9586 11532 217 71 bone
9846 11537 666 90 turkey—Wine
10545 11551 529 85 champagne

8972 11608 61 76 5.
9085 11613 213 71 Ham
9335 11617 217 71 with
9591 11617 548 94 Champagne
10181 11646 288 61 sauce.

8972 11698 71 71 6.
9094 11698 326 76 Roman
9463 11707 317 85 punch.

8972 11783 71 80 7.
9090 11792 331 71 Canvas
9454 11797 222 71 buck
9709 11797 227 76 duck
9964 11802 222 80 with
10219 11820 350 71 currant
10592 11816 241 80 jelly.

8972 11877 66 71 8.
9090 11882 732 94 Grouse—Sherry
9865 11896 255 71 wine.

8972 11967 71 71 9.
9085 11967 496 94 Mpyanalse
9619 11976 317 90 celery.

8934 12052 109 76 10.
9090 12057 411 76 Crackers
9539 12061 161 76 and
9737 12066 350 85 cheese,

8934 12142 109 76 11.
9099 12142 175 76 luti
9317 12146 283 80 Fruitl
9643 12151 137 76 ice
9822 12175 321 61 cream.

8934 12231 104 71 12.
9094 12231 430 76 liallenne
9557 12260 317 57 cream.

8934 12321 109 71 13.
9090 12321 326 85 Coffee,
9454 12326 340 90 Cognac
9831 12331 350 85 brandy,
10219 12331 321 85 Cigars.

8981 12444 146 99 At
9165 12449 123 94 12
9335 12449 666 132 o’clock,the
10049 12472 331 90 toasts
10427 12463 373 128 began,
10857 12463 175 109 Mr
11074 12468 458 113 Thomas

8849 12581 359 137 acting
9298 12619 113 71 as
9506 12595 274 99 toast
9874 12605 425 99 master.
10436 12605 227 104 The
10729 12605 515 137 speaking
11324 12652 213 71 was

8854 12718 274 99 brief
9175 12728 213 99 and
9454 12728 543 128 eloquent,
10049 12737 463 132 eliciting
10550 12742 496 128 laughter
11093 12751 208 99 and
11353 12784 123 94 ap-

8854 12860 402 113 plause.
9411 12860 222 99 The
9685 12874 246 118 poet
10020 12865 506 123 laureate,
10578 12874 170 99 Mr
10819 12874 402 104 Robert
11268 12879 198 104 Vos-

8849 12983 383 132 burgh,
9288 13020 213 71 was
9553 12992 444 137 heartily
10035 13006 643 128 applauded.
10824 13011 222 104 The
11098 13020 373 128 speech-

8849 13153 109 71 es
9009 13129 113 99 of
9227 13124 250 104 Prof
9576 13134 420 104 Reason
10049 13148 208 94 and
10309 13139 156 109 Dr
10507 13143 354 104 White
10956 13186 269 71 were
11277 13191 255 94 very

8849 13261 676 142 thoughtful;
9605 13271 260 104 Prof
9945 13276 496 142 Dorsey’s
10521 13285 402 104 tribute
11008 13304 104 90 to
11164 13294 175 104 the
11386 13294 99 109 la-

8849 13403 213 99 dies
9118 13436 203 71 was
9373 13441 246 94 very
9671 13417 529 128 eloquent,
10247 13417 213 104 and
10507 13417 255 104 Prof
10809 13422 449 109 Stewart
11310 13469 213 66 was

8849 13540 397 99 several
9302 13540 307 104 times
9690 13550 661 104 interruoted
10398 13559 250 94 with
10724 13559 510 128 applause
11315 13573 208 99 and

8849 13682 161 90 sat
9085 13672 302 99 down
9435 13682 392 99 amidst
9874 13687 265 99 cries
10186 13691 118 94 of
10380 13691 217 128 “go
10644 13691 255 123 on,”
11003 13696 213 132 “go
11268 13706 255 99 on.”

8981 13805 227 109 The
9298 13814 425 128 Toasts,
9813 13819 298 109 “Our
10186 13824 491 113 Honored
10772 13828 690 123 Guests”—re-

8844 13980 331 99 ponse
9260 13951 142 123 by
9454 13956 690 113 Commodore
10224 13965 463 137 Bowers;
10776 13975 298 99 “Our
11117 13975 416 109 Club—

8844 14088 142 94 its
9099 14088 335 104 Social
9553 14093 921 109 Relations”—Dr
10587 14107 123 99 P.
10852 14112 128 94 A.
11112 14107 406 113 White:

8849 14220 1167 113 “Education”—Pref
10091 14235 468 137 Reason;
10663 14239 307 109 “The
11022 14244 501 109 Church”

8844 14353 387 104 —Prof
9345 14362 496 137 Stewart;
9969 14372 794 109 “Poem”—Mr
10899 14381 619 137 Vosburgh;

8849 14490 307 104 “The
9213 14494 283 132 Ugly
9543 14499 553 109 Club—its
10143 14513 340 128 origin
10535 14513 208 99 and
10828 14528 694 118 progress”—

8849 14622 260 109 Vice
9180 14627 728 142 Commodore,
9964 14641 99 109 J.
10129 14641 170 109 W.
10346 14650 331 132 Mars;
10767 14650 307 109 “The
11121 14655 402 109 Future

8844 14773 118 94 of
9009 14783 175 90 the
9222 14769 780 113 Club”—John
10077 14783 397 132 Lucas;
10554 14792 307 99 “The
10937 14792 595 104 Ladies”—

8844 14901 260 104 Prof
9198 14906 444 132 Dorsey;
9765 14920 302 94 “Our
10157 14920 411 99 Absent
10663 14920 855 109 Members”—C.

8844 15033 170 104 W.
9146 15038 581 132 Hopewell.
9874 15052 420 99 Several
10441 15057 416 128 general
10980 15061 548 99 addresses

8844 15203 260 71 were
9198 15175 255 99 then
9553 15180 340 104 made.
10044 15184 222 99 The
10337 15184 737 142 Philadelphia
11164 15208 364 118 guests

8844 15340 260 71 were
9156 15307 444 109 listened
9694 15331 113 90 to
9855 15321 255 104 with
10162 15335 302 123 great
10512 15326 430 104 interest
10989 15340 213 99 and
11254 15340 274 99 their

8839 15449 468 99 remarks
9359 15487 265 66 were
9676 15491 250 94 very
9969 15463 883 137 complimentary
10899 15482 109 85 to
11060 15472 184 99 the
11306 15472 146 137 Ug-

8844 15586 99 128 ly
9000 15586 307 104 Club.
9454 15586 425 109 Several
9931 15628 321 99 songs
10299 15605 123 94 of
10469 15638 61 66 a
10592 15605 321 132 lively
10965 15609 321 104 social
11343 15647 123 66 na-

8844 15732 231 85 ture
9123 15756 265 61 were
9435 15761 312 90 sung.
9898 15732 222 94 One
10167 15765 213 66 was
10431 15737 170 99 led
10654 15737 137 132 by
10843 15737 165 99 Mr
11055 15737 458 132 Bowser,

8844 15855 208 104 and
9104 15860 435 104 another
9567 15860 142 128 by
9761 15860 170 109 Mr
9983 15865 472 142 Murray.
10602 15874 231 104 The
10871 15869 246 113 club
11159 15879 198 104 and
11386 15883 146 104 its

8835 16006 364 118 guests
9246 16030 227 76 rose
9520 16006 274 99 after
9841 16049 57 57 a
9983 16016 430 123 parting
10460 16044 302 94 poem
10819 16016 137 132 by
11008 16016 170 104 Mr
11268 16020 198 99 Vos-

8839 16134 383 128 burgh,
9298 16139 213 94 and
9557 16167 274 104 sung
9879 16139 373 104 “Auld
10299 16148 255 123 lang
10620 16148 397 132 Syne.”
11164 16153 128 99 In
11343 16153 180 104 the

8835 16261 359 113 hearts
9241 16271 113 104 of
9435 16271 184 104 the
9666 16271 557 137 departing
10309 16285 515 104 members
10876 16285 208 109 and
11164 16304 364 118 guests

8835 16441 217 66 was
9142 16408 180 99 the
9416 16417 638 118 sentiment,'
10124 16394 340 156 ‘Long
10535 16417 208 104 live
10833 16422 690 109 Commodore

8835 16531 576 113 Bowers!’”

9425 16819 71 52 “
9543 16824 269 80 ROI
9860 16824 222 80 GII
10162 16828 198 80 OX
10417 16828 524 85 BATS.’’

8920 16951 293 71 Clears
9255 16956 156 66 out
9454 16961 203 76 rats,
9728 16951 260 90 mice,
10054 16961 387 80 roaches,
10512 16961 217 85 files,
10800 16970 222 80 ants,
11093 16965 430 85 bed-buds

8844 17036 354 90 skunks,
9241 17036 548 94 chipmunks,
9827 17041 397 94 gophers.
10318 17050 161 76 15c.
10569 17050 487 90 Druggists.

8986 17296 90 85 A
9123 17301 430 99 Merry
9595 17301 713 90 Christmas
10356 17310 128 80 to
10545 17310 255 85 Rev
10843 17315 539 94 Wisher.

8986 17443 236 99 Rev
9288 17443 132 104 D.
9487 17447 175 104 W.
9718 17447 491 109 Wisher.
10271 17457 222 99 Our
10583 17452 468 109 Beloved
11140 17457 378 109 Broth:

8854 17575 146 71 We
9043 17575 146 71 the
9222 17589 288 76 young
9543 17575 444 80 LADIES’
10039 17580 402 76 SOCIAL
10493 17580 402 94 UNION,
10928 17598 600 80 congratulate

8844 17679 170 76 you
9052 17679 109 57 on
9198 17665 146 71 the
9383 17665 335 90 growth
9761 17669 94 71 of
9893 17669 307 76 Mount
10233 17674 293 71 Olivat
10578 17674 340 90 Baptist
10956 17679 373 90 Church,
11367 17688 161 71 and

8844 17769 217 90 your
9132 17769 345 57 success
9543 17773 90 57 as
9694 17759 113 71 Its
9874 17764 321 80 pastor.
10285 17764 302 71 Please
10639 17764 170 71 find
10880 17769 406 71 enclosed
11353 17778 175 66 two

8844 17835 392 76 hundred
9274 17844 165 66 and
9472 17858 165 52 one
9704 17844 317 66 dollars
10087 17844 161 71 and
10299 17849 350 71 sixteen
10715 17858 274 71 cents,
11041 17854 288 71 which
11395 17872 132 57 we

8844 17929 350 80 present
9231 17934 90 57 to
9359 17943 170 66 you
9562 17943 90 52 as
9676 17943 47 57 a
9761 17929 477 71 Christmas
10309 17943 345 76 present
10724 17934 142 76 for
10928 17943 392 90 yourself
11362 17943 165 80 and

8844 18005 345 94 family,
9231 18014 321 94 hoping
9595 18019 194 76 that
9822 18038 170 76 you
10020 18024 184 76 will
10243 18033 312 85 accept
10587 18024 94 80 of
10720 18028 71 80 It
10828 18033 213 76 with
11107 18052 161 57 our
11329 18038 194 80 well

8844 18109 350 71 wishes.
9293 18109 151 71 We
9477 18109 180 76 also
9723 18113 217 71 wish
10006 18132 170 71 you
10228 18137 47 52 a
10342 18118 283 94 Merry
10696 18123 501 71 Christinas.
11291 18128 231 85 Very

8844 18198 236 80 truly
9118 18208 279 71 yours.
9496 18198 269 66 MrsN
9813 18198 71 71 H
9931 18198 321 85 Rooks,
10299 18203 496 76 President:
10852 18208 203 71 Miss
11098 18213 274 66 Alick
11409 18213 109 66 H.

8844 18279 288 85 Laws,
9203 18283 718 85 vice-president;
10006 18283 208 76 Miss
10261 18288 94 76 C.
10422 18288 298 90 Smith,
10767 18302 477 85 secretary;
11296 18298 217 76 Miss

8849 18369 236 76 Chas
9123 18369 52 76 S
9213 18369 373 90 Carter,
9624 18373 208 80 ass’t
9865 18387 472 99 secretary;
10384 18378 94 76 W
10521 18378 76 76 H
10639 18378 472 90 Robinson,
11154 18397 326 66 treasur-

8849 18477 132 61 er;
9033 18463 175 71 Mrs
9250 18458 378 76 Martha
9666 18463 369 85 Jarret,
10072 18468 439 71 chairman
10578 18472 94 66 of
10706 18477 515 66 committee
11263 18477 94 66 of
11391 18496 85 52 ar-

8854 18557 576 71 rangements.

8939 18628 180 71 The
9156 18628 454 94 following
9638 18647 298 61 names
9969 18633 430 90 comprise
10465 18652 161 61 our
10687 18638 633 99 membership:
11367 18643 156 80 the

8844 18718 312 80 Misses
9217 18718 184 80 Ella
9463 18723 132 76 De
9661 18723 302 90 Groth,
10035 18728 260 80 Alice
10375 18728 321 90 Harris,
10767 18732 255 80 India
11083 18718 439 109 Hewlett,

8849 18813 302 76 Lizzie
9231 18813 364 109 Harvey,
9661 18817 241 90 Mary
9969 18822 269 80 Laws,
10332 18822 416 76 Florence
10819 18827 231 80 Zeal,
11112 18831 236 80 Mary
11428 18831 94 80 E,

8854 18902 312 76 Burch,
9208 18902 236 85 Mary
9472 18907 350 80 Burien,
9855 18912 76 66 A
9969 18907 298 80 Jones,
10294 18907 66 71 F
10389 18907 416 90 Johnson,
10833 18912 326 76 Jennie
11187 18912 335 85 Brown,

8854 18987 43 71 I
8929 18987 302 85 Jones,
9269 18987 317 76 Pinkie
9619 18992 420 85 Johnson,
10077 18997 47 71 J
10167 18997 340 90 Taylor,
10564 18997 255 76 Anna
10876 18997 312 90 Lewis,
11244 19002 279 76 Laura

8854 19077 345 90 Brown,
9236 19077 250 80 Alice
9529 19082 269 85 Laws,
9841 19087 293 76 Bettie
10186 19087 307 90 Tyree,
10564 19087 293 80 Bettie
10923 19096 293 80 Tines,
11287 19096 236 90 Mary

8854 19167 331 85 Harris,
9222 19172 76 66 M
9340 19172 326 80 Harris,
9704 19176 250 66 Clara
9987 19176 312 76 Smith,
10342 19176 231 80 Lucy
10611 19181 298 76 Jones,
10961 19181 260 71 Sallie
11263 19186 208 66 John-

8854 19271 180 61 son,
9099 19257 255 66 Katie
9425 19257 392 80 W’eston,
9883 19261 161 66 Joe
10115 19257 326 85 Harris,
10512 19261 274 71 Maria
10843 19261 279 85 Price,
11192 19266 335 71 Martha

8858 19337 369 90 Troyno,
9288 19337 66 71 L
9420 19342 340 85 Harris;
9817 19346 482 76 Mesdames
10365 19346 236 94 Mary
10672 19346 293 90 Beale,
11031 19351 80 71 M
11173 19351 350 94 Burges,

8858 19427 61 76 L
8957 19431 397 80 Garland,
9392 19431 94 76 L.
9534 19431 420 90 Johnson,
10011 19436 255 76 Katie
10342 19441 458 85 Williams,
10857 19441 317 76 Louisa
11239 19446 283 80 Miles,

8858 19521 184 71 Ella
9099 19521 454 80 Williams,
9619 19526 76 66 A
9765 19526 66 71 L
9879 19531 298 80 Jones,
10247 19531 553 80 Whitehead,
10871 19531 61 66 T
11008 19531 387 80 Warren,
11461 19535 61 66 L

8854 19611 302 76 Jones,
9194 19611 331 76 Griffin,
9567 19611 80 71 M
9690 19611 402 85 Plercen,
10129 19611 47 76 J
10219 19611 66 71 T
10356 19611 397 85 Thomas,
10824 19611 61 76 B
10951 19616 572 85 Whitehurst,

8858 19696 80 71 M
8981 19696 359 71 Jarrott.
9387 19696 66 71 L
9491 19696 317 90 Smith,
9855 19696 71 76 E
9964 19701 312 85 Smith,
10318 19701 76 71 M
10441 19701 402 85 Branlck,
10885 19701 80 76 M
11041 19706 482 85 Bradshaw,

8863 19786 66 71 T
9000 19786 61 71 C
9123 19786 364 85 Jarrott,
9557 19786 260 80 Katie
9888 19791 340 85 Brown,
10294 19791 444 85 Gladman,
10819 19795 359 71 Matilda
11254 19795 222 71 Dand-

8854 19876 331 80 dridge,
9227 19876 255 66 Sarah
9515 19876 496 80 Chambers,
10049 19885 109 61 A.
10195 19880 359 76 Turner,
10616 19880 236 71 Lena
10876 19885 312 71 Books,
11216 19885 250 66 Aman-

8854 19956 109 71 da
8991 19956 307 76 Smith,
9331 19956 340 76 Martha
9704 19965 326 76 Carter,
10072 19961 283 80 Allen,
10389 19961 283 71 Bettis
10696 19965 331 80 Morris,
11065 19965 76 71 M
11187 19965 335 85 Brown,

8863 20041 71 71 P
8967 20041 534 90 Henderson,
9539 20046 61 76 L
9643 20046 411 90 Cardoza;
10110 20046 312 80 Messrs
10460 20046 194 80 Wm
10701 20050 165 76 and
10894 20055 71 71 A
11008 20055 520 90 Dandridge,

8858 20131 61 80 C
8953 20135 321 85 Carter,
9312 20135 43 76 J
9402 20135 435 80 Hanhlbal
9874 20140 402 90 Thomas,
10304 20145 47 76 J
10389 20145 411 85 Jackson,
10828 20145 189 71 Wm
11055 20145 472 85 Robinson,

8858 20225 364 76 Edward
9260 20230 198 80 Lee,
9506 20230 321 71 Robert
9860 20230 312 85 Lewis,
10209 20235 274 71 Jacob
10521 20235 331 76 Brown,
10885 20235 326 85 Phillip
11239 20235 288 85 Pride,

8858 20310 482 76 Thomas'!!
9387 20315 359 90 Woody,
9784 20320 326 90 Phillip
10153 20320 208 85 Hill,
10408 20320 198 71 Wm
10644 20320 463 76 Jefferson.
11178 20320 52 76 J
11272 20320 208 76 Gard-

8863 20419 184 66 ner,
9085 20400 165 76 and
9288 20400 416 85 Overton.

9014 20603 647 80 MOTHER
9723 20608 548 80 NWAN’S
10318 20608 458 76 WORM
10852 20608 543 76 STREP.

8943 20735 472 80 Infallible,
9454 20740 435 80 tasteless,
9931 20740 439 80 harmless,
10408 20740 468 80 cathartic;
10932 20740 142 76 for
11107 20740 420 80 feverish*

8863 20849 227 57 ness,
9118 20825 581 80 restlessness,
9751 20844 345 61 worms,
10143 20830 624 76 constipation.
10857 20830 165 71 25c.

8872 21090 359 156 MRS.
9269 21085 208 76 J.E.
9520 21085 454 90 BROWN,
10039 21090 397 76 Teacher
10498 21090 99 76 of
10663 21090 269 76 Plano
10998 21090 165 76 and
11230 21090 307 90 Organ.

9156 21180 624 85 Accompanist
9817 21180 137 76 for
9992 21180 444 76 Concerts.
10531 21180 180 76 Call
10743 21198 99 57 or
10876 21180 345 76 address
11254 21189 90 66 at
11414 21180 123 76 No

8863 21269 43 71 2
8939 21269 80 71 M
9076 21274 298 66 anetta
9406 21274 312 66 street.
11376 21265 85 76 2t

9978 21439 482 80 Notice.

8981 21576 184 76 The
9198 21576 430 76 members
9661 21576 94 76 of
9789 21581 156 71 the
9978 21576 94 76 L.
10110 21576 90 76 L.
10243 21581 165 71 and
10441 21576 137 76 W.
10644 21576 562 76 Association
11239 21591 146 57 are
11419 21595 85 52 re-

8863 21666 359 85 quested
9255 21671 90 61 to
9378 21666 302 66 attend
9723 21666 321 66 Divine
10106 21666 335 71 service
10479 21685 109 47 on
10630 21666 369 85 Sunday,
11041 21666 165 66 Jan
11239 21661 170 80 7th,
11447 21666 94 66 at

8868 21751 217 71 Zion
9123 21751 369 80 Church,
9529 21765 312 57 corner
9874 21751 425 71 Bleecker
10332 21751 165 71 and
10540 21751 236 71 West
10824 21751 175 76 10th
11036 21756 146 66 sts.
11282 21751 198 71 Mem-

8863 21841 208 76 bers
9109 21841 175 71 will
9326 21841 425 76 assemble
9789 21841 90 76 In
9935 21846 146 71 the
10124 21846 449 71 basement
10602 21846 94 71 of
10762 21846 146 71 the
10980 21841 340 76 Church
11386 21850 90 66 at
11504 21841 38 76 7

8863 21935 345 71 o’clock
9241 21931 279 85 sharp.
9619 21931 123 90 By
9780 21931 255 71 order
10068 21935 94 66 of
10195 21935 156 66 the
10384 21931 477 90 president,

10739 22011 94 71 R.
10885 22011 90 71 S.
11022 22011 406 71 Lawson.

8872 22233 789 156 FIRST-CLASS
9713 22233 506 76 LODGING
10261 22238 142 71 for
10436 22238 501 85 gentlemen
10998 22252 90 57 at
11154 22238 128 71 496
11348 22238 146 71 Sev-

9109 22328 208 71 enth
9350 22342 369 61 avenue,
9756 22323 274 76 Room
10063 22323 76 76 4.
10318 22323 170 71 Mrs
10531 22323 90 71 E.
10663 22323 123 71 W.
10828 22323 633 71 HAMILTON.

8868 22521 227 156 TO
9132 22517 614 80 LET.—Three
9784 22521 468 76 furnished
10294 22540 312 61 rooms,
10639 22521 113 76 all
10824 22521 227 80 light
11093 22521 165 71 and
11324 22521 184 85 airy.

9109 22611 406 80 Address,
10474 22611 293 66 THOS
10838 22611 104 66 H.
10989 22606 387 80 SMITH,

10498 22691 123 76 126
10668 22701 217 66 west
10918 22691 184 71 26th
11154 22696 307 76 street.

8863 22956 345 146 TWO
9241 22951 265 71 NICE
9543 22956 378 66 ROOMS
9959 22961 94 61 to
10091 22956 128 66 let
10252 22961 90 61 to
10380 22975 52 47 a
10483 22965 198 57 man
10720 22951 165 66 and
10961 22951 217 66 wife
11230 22965 99 47 or
11367 22956 175 57 two

9109 23036 269 90 single
9435 23041 539 85 gentlemen.
10072 23036 468 90 Inqnireat
10583 23041 128 66 494
10748 23031 383 76 Seventh
11173 23046 369 66 avenue.

8858 23121 194 80 Bell
9094 23131 71 80 3,
9203 23126 165 76 left
9402 23121 227 80 hand
9661 23131 222 71 side.

9576 23310 175 99 W.
9827 23306 118 104 C.
10020 23310 142 99 H.
10238 23306 562 113 CURTIS,

8858 23513 482 94 Notary
9435 23509 454 80 Public
9978 23509 255 80 and
10323 23504 992 85 Commissioner
11386 23499 142 80 of

9992 23641 444 80 Deeds.

9430 23820 189 109 254
9694 23820 335 109 South
10124 23816 416 113 Second
10611 23816 378 118 Street,

8962 24019 180 85 6j6p
10261 24009 510 90 Brooklyn,
10805 24009 99 76 E.
10942 24009 137 90 D.,
11121 24005 113 80 N.
11272 24005 109 80 Y.

12439 1578 350 288 B.
12931 1587 444 288 M.
13507 1602 359 288 Ai

12553 1951 236 76 First
12822 1956 350 76 Annual
13214 1961 491 94 Reception

11773 2098 170 123 K.
12033 2107 146 118 of
12265 2107 217 123 W.
12576 2112 180 123 M.
12822 2121 137 118 of
13002 2121 808 132 SHAFFER

13446 2324 628 161 LODGE,
14192 2334 274 128 261.

11759 2518 189 80 will
11972 2523 113 76 be
12123 2532 265 90 given
12420 2542 94 71 at
12543 2537 524 85 EVERETT
13101 2551 335 85 HALL,
13469 2556 132 76 No
13625 2556 132 76 398
13786 2561 496 94 FULTON,
14315 2575 156 80 St.,

12425 2665 907 109 BROOKLYN',
13403 2679 137 80 ST.
13630 2683 184 94 Y.,

11764 2778 978 146 THURSDAY
12803 2806 841 161 EVENING,
13696 2820 246 128 Jan
14013 2825 198 156 25,
14268 2830 198 128 ’B3

12406 3000 90 66 at
12534 2995 288 76 which
12860 3005 217 71 time
13115 3005 250 76 there
13403 3014 184 71 will
13639 3019 104 71 be
13781 3033 52 57 a

11764 3104 869 203 BANNER
12732 3118 1715 222 PRESENTATION!

12449 3350 123 94 By
12609 3373 47 57 a
12704 3354 539 85 Committee
13280 3373 99 71 of
13422 3373 340 80 Ladies.

11868 3463 411 104 Lodge
12321 3472 293 90 MUI
12676 3487 520 99 Appear
13233 3491 137 80 in
13413 3496 288 80 Full
13762 3506 586 94 Regalia,

11835 3595 269 71 Pride
12137 3605 99 66 of
12269 3609 151 66 the
12458 3609 279 76 North
12775 3619 321 90 Lodge,
13124 3624 132 66 No
13290 3628 151 76 193,
13474 3628 94 71 of
13602 3633 104 66 N.
13743 3628 142 90 Y.,
13928 3633 99 76 St
14065 3638 392 90 Stephen

11754 3709 661 104 Encampment,
12458 3723 128 85 No
12619 3732 85 76 22
12737 3737 94 76 of
12869 3732 109 85 N.
13020 3737 137 94 Y.,
13195 3746 165 76 and
13413 3746 312 90 Elliott
13772 3756 317 99 Lodge,
14126 3765 137 80 No
14301 3775 146 90 168,

11754 3841 94 76 Of
11887 3841 213 80 New
12137 3850 331 94 Haven,
12510 3860 302 94 Conn,,
12850 3869 217 76 have
13110 3874 222 71 been
13380 3879 345 76 invited
13772 3893 94 66 to
13899 3898 335 66 attend,
14272 3902 170 66 and

11745 3983 151 52 are
11934 3978 430 76 expected
12397 3987 94 57 to
12524 3983 109 66 be
12685 3997 383 71 present.

12080 4087 364 109 THE
12581 4101 619 113 GRAND
13356 4115 756 118 ENTREE

11745 4252 99 71 of
11877 4252 151 71 the
12057 4252 335 94 Lodges
12425 4266 184 71 will
12676 4271 203 76 take
12926 4276 246 90 place
13238 4290 94 66 at
13370 4285 180 71 9:30
13611 4304 85 57 a.
13767 4309 118 61 m..
13937 4299 274 71 under
14277 4304 156 66 the

11745 4342 458 76 command
12236 4351 99 66 of
12369 4351 165 71 Bro
12572 4356 85 76 J.
12699 4361 104 71 G.
12846 4365 109 71 A.
12992 4365 321 76 KIDD.
14169 4318 43 57 r
14277 4318 156 66 lQe

12180 4465 586 109 Dancing
12836 4493 132 71 at
13054 4493 326 80 10:30
13460 4498 543 90 O’clock.

11745 4677 38 43 t
12340 4606 156 113 -A
12534 4611 66 66 B
12609 4606 14 118 -
12657 4616 307 90 Gopes,
13002 4620 137 76 W.
13172 4625 132 85 C,;
13361 4630 94 71 T.
13498 4630 113 76 E.
13644 4635 458 85 Chissolm.
14140 4644 85 66 M
14296 4649 71 76 T
14414 4606 19 118 •

11745 4767 99 66 tv
11882 4687 104 146 °p
12378 4691 104 128 S’
12860 4706 90 76 w
12969 4710 94 128 *y
13077 4710 170 80 iam
13252 4739 76 61 “»
13365 4720 137 90 W,
13550 4720 137 90 F.;
13743 4729 113 71 M.
13904 4729 90 76 S.
14031 4706 402 128 Herring;

11745 4861 71 61 A
11910 4776 283 146 Kid/'
12246 4833 94 90 w’
13115 4800 85 109 4-
13257 4805 454 94 Richards,
13739 4819 94 71 P.
13871 4819 99 85 E,
14008 4828 146 80 A.;
14206 4833 90 66 J.
14334 4833 99 80 G,

11740 4866 113 61 A.
11901 4866 265 85 Kidd,
12246 4866 274 90 E.A.;
12572 4885 85 76 J,
12746 4885 128 71 W.
12954 4890 472 85 Cochrane,
13469 4899 99 71 G.
13611 4904 123 80 S.;
13791 4904 132 71 W.
13984 4909 109 71 H.
14159 4913 274 80 Lake,

11825 5031 652 80 Committebof
12510 5046 770 90 Arranuements:
13337 5065 85 76 S.
13455 5065 378 85 D.Pool.
13861 5079 71 71 A
14003 5079 61 71 B
14126 5083 274 66 Cone«

11740 5112 104 76 G.
11882 5112 99 80 L.
12014 5121 298 80 Gibbs.
12354 5131 137 80 W.
12529 5131 104 80 H.
12671 5140 420 90 Johnson,
13139 5150 128 76 W.
13309 5154 76 76 H
13436 5159 260 76 Lake.
13739 5169 66 71 B
13876 5173 61 66 F
14003 5145 430 104 Allmond’

11735 5291 94 71 K.
11887 5263 614 113 c:chemaux.
12520 5225 94 71 W
12685 5230 302 76 GarrU
12987 5254 52 52 °
13044 5254 57 52 n
13110 5183 19 194 ’
13176 5239 128 76 W>
13370 5244 373 76 Tholna8
13753 5183 19 194 '
13843 5258 269 76 Owen
14169 5183 255 170 Ellls^

11825 5376 104 80 N.
11972 5376 482 90 B.—There
12491 5395 180 80 will
12704 5400 113 76 be
12855 5424 47 57 a
12935 5405 265 85 Table
13243 5419 94 71 of
13389 5419 666 90 Refreshments
14150 5443 279 66 under

11735 5466 151 80 the
11924 5490 614 76 management
12572 5494 94 71 of
12699 5513 52 57 a
12817 5494 534 85 Committee
13422 5518 94 66 of
13587 5518 335 80 Ladies,
13984 5532 194 66 who
14239 5537 184 66 will

11731 5565 250 71 make
12024 5565 76 76 it
12132 5575 392 80 pleasant
12557 5580 142 71 for
12723 5584 118 71 all
12874 5589 189 66 who
13091 5594 184 66 will
13309 5598 203 80 give
13535 5617 99 52 us
13658 5608 241 66 their
13928 5542 496 161 patronage!

11735 5679 397 80 Music
12170 5688 165 99 by
12383 5693 317 80 Prof
12732 5702 302 99 Top.
13143 5707 770 113 Admission,
13956 5731 142 80 40
14145 5735 246 85 Cts.

11816 5820 194 80 W
12033 5816 146 80 All
12217 5820 265 80 Lines
12515 5830 99 71 of
12647 5830 326 80 Fulton
13011 5858 340 61 avenue
13389 5854 203 76 Cars
13635 5872 189 66 pass
13861 5863 151 71 the
14046 5868 236 71 Hall.

11726 6071 364 137 THE
12255 6085 671 146 LADIES’
13134 6109 619 142 SOCIAL
13970 6132 444 137 CLUB

12331 6312 184 76 will
12548 6331 203 71 give
12789 6321 236 76 their
13082 6331 728 85 entertalnmeus.

11735 6482 1479 269 MONDAY,
13337 6529 647 203 JAN
14121 6553 269 194 22.

12836 6784 288 80 Music
13172 6789 113 90 by

11854 6926 104 104 It
12383 6931 817 128 PROFESSOR
13294 6959 586 132 AUSTIN,

11735 7228 307 123 1876
12057 7323 24 28 -
14036 7280 369 128 1883.

11726 7455 274 208 G.
12066 7460 293 203 U.
12430 7474 260 194 T.
12746 7483 255 194 E-
13110 7488 260 208 O.
13488 7502 274 184 D.
13833 7512 231 189 &
14169 7512 236 198 S.

11924 7843 180 109 OF
12156 7843 203 113 ST.
12425 7852 529 137 LUKES,
13011 7866 236 109 MT.
13332 7876 387 109 SINAI
13791 7890 231 99 NO.
14102 7894 99 123 8,

11712 8065 203 80 Will
11948 8074 203 90 give
12184 8079 236 80 their
12458 8083 255 80 Sixth
12746 8093 345 80 Annual
13124 8107 458 90 reception
13616 8117 94 76 at

11712 8263 992 142 WENDELL’S
12765 8291 902 132 ASSEMBLY
13739 8306 643 165 ROOMS,

12425 8580 128 71 334
12586 8589 94 66 to
12709 8584 128 76 344
12869 8598 217 66 west
13120 8594 184 76 44th
13346 8608 307 71 street.

11702 8754 557 113 FRIDAY
12307 8769 713 142 EVENING,
13096 8787 704 113 JANUARY
13880 8806 165 104 12.
14140 8806 260 104 1883

11707 9028 439 99 Single
12227 9033 520 90 Tickets
12954 9080 38 33 •
13200 9104 33 38 .
13479 9090 43 33 -
13753 9061 146 90 75
13980 9076 402 109 cents;

11702 9198 501 90 Double
12279 9213 557 99 Tickets,
13044 9260 38 28 -
13290 9279 33 33 .
13526 9265 43 33 -
13772 9274 43 24 -
14003 9246 132 85 $1
14197 9255 194 71 00.

12061 9373 609 109 First-class
12723 9383 340 113 Music
13143 9397 104 99 in
13309 9397 704 109 Attendance.

11702 9699 345 128 1879.
12369 9718 520 132 FIFTH
13025 9728 709 142 SEASON.
14031 9751 345 161 1883.

11910 10016 978 198 EDMONIA
13035 10030 1148 213 RECEPTION

12978 10332 90 66 at

11858 10507 1370 213 TAMMANY
13370 10531 808 246 HALL,

12260 10795 184 71 14th
12472 10800 274 71 street
12780 10800 146 71 bet
12959 10800 99 76 3d
13091 10800 165 76 and
13290 10805 142 71 4th
13460 10824 373 61 avenue.

11702 11013 142 66 on
11939 10980 557 109 FRIDAY
12591 10989 709 132 EVENING,
13398 10998 317 109 FEB.
13819 11008 165 132 16,
14079 11017 293 109 1883.

11702 11183 293 85 Two
12076 11187 425 85 Bands
12576 11197 142 80 of
12746 11197 435 90 Music.

12954 11372 491 99 Superb
13507 11381 874 90 Decorations.

12194 11523 184 76 Bos
12406 11546 71 57 is
12510 11532 255 90 “Priy
12808 11542 94 71 to
12940 11537 132 76 Mr
13134 11542 198 76 Wm
13403 11542 132 80 W.
13602 11546 406 80 Jackson
14074 11556 161 76 No.
14301 11556 85 80 14

11702 11608 576 94 Christopher
12312 11627 312 71 street.

11806 11773 553 85 Further
12420 11783 794 94 particulars
13257 11792 132 85 in
13460 11797 690 85 Circulars.

11707 12047 354 146 1879.
12397 12061 24 38 ’
14013 12080 345 123 1883.

12170 12241 364 76 THIRD
12581 12246 487 76 ANNUAL
13120 12250 633 80 RECEPTION
13805 12265 142 71 OF

11707 12392 293 104 THE
12047 12397 1257 118 KNICKERBOCKER
13375 12411 501 113 SOCIAL
13946 12420 420 142 CLUB,

12345 12614 99 71 of
12477 12614 213 71 New
12732 12614 269 85 York,
13035 12619 184 76 will
13252 12619 113 76 be
13398 12619 198 76 held
13635 12647 109 52 on

11924 12728 628 76 THURSDAY
12600 12732 543 90 EVENING,
13191 12742 628 76 FEBRUARY
13871 12751 66 80 1,
13984 12751 194 85 1883,

11811 12869 109 80 at
12028 12850 780 109 GERMANIA
12921 12860 765 109 ASSEMBLY
13791 12869 520 137 ROOMS,

12402 12983 142 76 7th
12576 13002 335 61 avenue
12945 12992 165 71 and
13143 12992 180 76 26th
13356 13006 345 66 streets.

12255 13106 208 76 Prof
12501 13106 66 76 T
12576 13106 19 109 ’
12633 13106 321 80 DYER
12964 13106 19 109 -
13413 13120 340 94 Supper
13800 13143 57 52 a
13899 13120 90 80 la
14041 13124 255 80 Carte.

11717 13200 43 61 A
11783 13200 184 61 ilk
11991 13200 57 61 R
14027 13219 85 71 50
14140 13228 246 66 cents

11792 13280 307 76 J-Van
12137 13285 288 85 Allen,
12496 13285 477 90 president;
13058 13294 132 71 Ell
13257 13271 378 99 Pierre.”
13663 13304 718 90 vice-president:

11707 13370 137 76 W.
11896 13370 104 71 D.
12043 13370 335 85 Brown,
12425 13384 477 80 secretary;
12954 13380 80 71 J.
13106 13384 113 71 M.
13290 13384 269 85 Reed,
13630 13394 472 80 treasurer;
14159 13394 227 80 Robt

11707 13455 104 71 H.
11858 13460 373 85 Spriggs,
12265 13460 161 80 Jr.,
12458 13474 808 76 sargeant-at-arms.

11792 13540 359 76 Tickets
12175 13564 146 52 are
12369 13550 142 66 for
12553 13550 180 71 sale
12765 13559 90 66 at
12893 13550 184 76 The
13115 13554 283 71 Clobe
13436 13564 387 76 up-town
13857 13564 279 76 office.

11702 13838 416 198 1844
12222 13847 402 189 39th
12699 13852 1162 246 Anniversary.
13975 13866 406 184 1883

12132 14249 454 85 FIRST
12680 14258 1020 99 MASQUERADE
13767 14263 213 85 BY

11707 14518 737 142 Hamilton
12567 14523 529 175 Lodge,
13200 14532 340 170 710,
13668 14537 161 142 G.
13946 14537 165 137 U.
14211 14542 156 137 0.

12732 14797 170 128 of
12969 14797 156 132 O.
13219 14797 165 132 F.

13002 15028 94 66 at

11707 15241 987 128 WENDELL’S
12780 15250 888 123 ASSEMBLY
13743 15250 624 161 ROOMS,

11830 15539 246 80 West
12104 15548 184 71 44th
12321 15553 302 80 street,
12657 15548 406 71 between
13096 15548 142 71 9th
13285 15548 161 71 and
13498 15548 180 76 10th
13724 15567 378 61 avenues
14135 15572 109 57 on

11769 15798 690 109 TUESDAY
12529 15803 699 132 EVENING,
13290 15803 283 113 FEB
13644 15808 298 132 20th,
13998 15813 298 113 1883.

11943 16110 246 76 For
12269 16110 798 80 Particulars
13162 16129 213 66 see
13455 16115 685 85 Circulars.

11877 16238 38 80 d
11953 16238 43 80 9
12033 16238 80 80 3t

11698 16531 1139 217 iGLOBE
13101 16540 1200 236 HOUSE,

11943 16781 236 123 104
12312 16786 482 123 WEST
12926 16781 397 128 37TH
13441 16786 694 132 STREET.

12510 16970 321 80 NEAR
12879 16970 699 85 BROADWAY.

11787 17093 213 71 This
12033 17093 293 71 House
12364 17098 76 66 is
12472 17098 198 71 well
12713 17098 406 85 arranged
13143 17102 142 66 for
13318 17102 151 66 the
13507 17102 746 71 accommodation
14277 17107 94 71 of

11698 17211 425 76 Boarders
12156 17216 165 71 and
12354 17216 406 90 Lodgers,
12808 17216 113 90 by
12959 17216 151 76 the
13157 17216 189 90 day,
13413 17220 255 76 week
13724 17239 99 57 or
13890 17225 331 85 month,
14282 17230 90 76 at

11698 17339 151 76 the
11887 17348 227 66 most
12142 17339 501 76 reasonable
12680 17348 265 66 rates.
12978 17343 194 71 WM
13214 17339 416 94 FUQUA,
13668 17348 529 85 Proprietor,

11882 17461 161 90 J6J6
12803 17461 123 76 104
12964 17471 213 66 west
13209 17461 515 90 37th.street,
13762 17461 217 80 New
14013 17466 274 76 York.

12165 17693 1739 189 Whitehurst’s

11854 17957 1356 203 Clarendon
13328 17962 883 198 House.

12165 18203 189 99 148
12425 18198 213 104 and
12713 18203 189 94 150
12973 18198 298 104 West
13361 18198 250 104 27th
13687 18203 203 123 St.,

12676 18364 255 71 NEW
12987 18364 350 76 YORK.

11778 18487 213 66 This
12019 18482 359 85 popular
12411 18482 165 66 and
12609 18482 548 66 well-known
13195 18482 283 66 House
13512 18482 76 66 is
13635 18482 213 80 kept
13909 18496 90 52 as
14055 18496 52 52 a
14169 18482 146 71 firs

11688 18567 217 71 class
11943 18567 288 71 House
12298 18567 137 71 for
12501 18562 151 76 the
12713 18562 746 76 accommodation
13526 18562 90 76 of
13677 18562 151 76 the
13894 18567 411 80 travelUn

11693 18652 298 113 public
12024 18661 90 76 at
12146 18652 444 85 moderate
12624 18661 260 76 rates.
13063 18652 94 85 B.
13209 18652 104 80 1).
13365 18652 789 94 WHITEHURST,

13186 18751 501 80 Proprietor
13724 18751 165 66 and
13932 18751 340 76 Lessee.

11702 18969 472 198 1879.
12312 18969 345 198 The
12723 18969 373 189 Glee
13153 18973 572 184 House.
13894 18969 468 189 1882.

12340 19266 213 85 127
12609 19271 335 80 West
13002 19266 227 85 32d
13290 19266 458 90 Street.

11806 19479 482 71 First-class
12340 19479 274 66 Board
12676 19479 165 66 and
12907 19479 387 85 Lodging
13356 19479 109 85 by
13531 19479 156 66 the
13748 19479 165 85 day
13980 19474 94 71 of
14112 19479 255 71 week

11698 19630 180 76 The
11915 19635 463 85 patronage
12411 19630 99 71 of
12543 19630 156 76 the
12746 19630 496 90 Travelling
13299 19630 317 76 Public
13677 19630 76 71 is
13809 19630 567 94 respectfully

11698 19786 439 76 solicited.

12203 19942 298 104 THE
12572 19932 591 113 DOUBLE
13233 19937 652 109 PARLORS

11702 20164 161 57 can
11896 20145 109 76 be
12043 20145 411 76 obtained
12520 20150 90 71 at
12676 20145 146 71 the
12888 20145 378 71 shortest
13328 20145 293 76 notice
13687 20145 142 71 for
13890 20145 496 90 Marrlagaa.

11702 20301 501 90 Weddings,
12250 20301 293 76 Parlor
12576 20296 444 90 Concerts,
13068 20296 364 90 Parties,
13479 20301 175 76 etc.

12709 20461 255 80 Mrs
13011 20461 123 80 C.
13181 20461 161 80 H.
13384 20457 888 85 RANDOLPH.

11792 20561 184 71 Dec
12019 20561 47 71 2
12099 20565 109 66 st.

11721 20863 350 113 THE
12184 20854 935 123 KEYSTONE
13252 20854 1134 123 CENTENNIAL

12265 21052 917 128 BOARDING
13243 21052 609 123 HOUSE.

12137 21283 151 76 625
12364 21274 557 94 PINE-ST.,
13002 21274 1020 94 PHILADELPHIA,

12161 21416 260 80 MRS.
12472 21416 90 76 C.
12614 21411 94 80 E.
12756 21411 520 90 GILBERT,
13356 21411 609 94 Proprietress.

11811 21643 189 76 yy
12033 21628 274 71 Board
12373 21624 109 90 by
12548 21624 151 76 the
12765 21624 180 85 Day
13011 21638 94 52 or
13172 21619 274 99 Vfeek
13597 21619 487 76 First-class
14154 21619 236 80 table

11721 21751 298 80 board.
12109 21746 591 76 Comfortable
12737 21742 392 94 lodgings
13195 21765 156 57 can
13398 21746 104 71 be
13573 21742 161 76 had
13781 21751 85 71 at
13932 21746 109 76 all
14088 21746 298 76 times.

11721 21879 184 71 The
11943 21883 463 80 patronage
12454 21874 94 71 of
12581 21874 151 66 the
12794 21869 463 85 travelling
13318 21869 298 85 public
13677 21869 71 71 is
13809 21869 567 85 respectfully

11721 21992 435 71 solicited.

12052 22143 855 189 ROOMS
13025 22143 331 189 TO
13474 22143 591 231 LET,

11726 22498 860 109 FURNISHED
12661 22498 194 99 OR

12118 22687 61 80 *
13285 22720 1110 132 UNFURNISHED,

11986 23031 387 113 WITH
12491 23031 189 113 OR
12798 23027 690 118 WITHOUT
13597 23022 529 132 BOARD,

11717 23291 109 94 at
11872 23277 609 109 reasonable
12534 23287 317 90 rates.

11707 23480 1417 208 :SUMNER
13219 23466 1124 222 HOUSE,

12883 23820 213 76 102
13134 23820 331 76 West
13507 23816 293 80 37th
13843 23811 463 80 Street.

11887 23991 33 76 d
11953 23991 33 76 2
12019 23991 99 76 213
12151 23991 33 76 t

14665 1687 231 113 T.-.
14948 1696 227 109 T.-.
15246 1701 231 109 G.-.
15534 1706 203 104 0.-.
15798 1710 213 109 T.-.
16077 1715 217 113 G.-.
16346 1729 222 109 A.'.
16677 1734 222 109 O.’.
16998 1743 236 118 Tr.
17287 1753 132 113 U.

14655 1994 411 80 Supreme
15132 1998 397 80 Coukcil
16469 1923 57 203 |i]

14650 2187 52 57 o
14731 2187 52 57 f
14872 2173 643 85 Sovereign

14646 2343 865 94 Grandlnspectors

14646 2523 430 80 General
15137 2551 109 57 of
15340 2551 180 61 the

14636 2698 151 76 83d
14830 2717 180 57 and
15066 2721 222 61 last
15345 2707 165 80 De-
16937 2750 80 90 \

14641 2891 227 61 GHEE
14924 2901 109 57 OF
15099 2901 165 61 THE
15331 2891 180 76 An-

14641 3066 170 57 cie
14839 3076 52 52 n
14915 3076 52 52 t
15038 3061 463 80 Accepted

14646 3231 76 90 S.
14759 3231 47 90 <>
14820 3250 43 47 t
14877 3250 123 52 ri<
15024 3255 43 52 h
15118 3231 85 90 1;■
15236 3255 33 52 r
15283 3260 43 47 e
15335 3231 19 90 ,
15392 3265 47 47 o
15458 3265 38 47 e

14636 3425 161 52 THE
14825 3430 321 57 VMTEC,
15170 3439 321 57 STATES

14631 3595 104 52 ok
14816 3586 671 76 America—its
15576 3543 387 165 ^^///ll’
15969 3543 9 165 1
15987 3562 132 137 ^ij

14631 3756 586 90 Territories
15312 3794 170 57 and
15576 3789 128 85 y
15732 3780 38 85 /
16020 3831 57 43 T

14622 3935 614 76 DePENDKN
15265 3959 217 61 CIES.
15978 3945 80 94 pl
17187 3973 43 33 ’

14617 4101 312 80 Grand
14962 4110 269 90 East,
15265 4115 217 80 City
15765 4134 71 66 r

16762 4172 94 128 J
17008 4191 71 52 *

14613 4299 109 57 OF
14773 4285 213 76 New
15043 4290 283 76 York.

14707 4493 184 76 The
14939 4498 463 99 following
15435 4507 321 80 Bodies
15798 4531 236 66 meet
16077 4535 90 66 at
16200 4531 128 76 835
16370 4535 472 80 Broadwav
17173 4564 194 52 nn.

14617 4587 317 80 street,
14972 4587 217 76 New
15231 4592 269 90 York,
15543 4611 85 61 at
15676 4602 156 76 the
15865 4611 222 80 time
16115 4620 430 90 specified
16602 4564 288 146 bXw

14617 4677 813 80 communications
15463 4687 458 85 addressed
15959 4710 94 66 to
16087 4706 236 80 their
16356 4720 345 80 officers
16743 4696 189 104 will

14613 4772 359 80 prompt
15005 4776 472 76 attention.
16611 4743 90 57 K

14702 4852 543 71 SUPREME
15293 4861 501 76 COUNCIL
15831 4890 104 52 on
15978 4876 151 76 the
16195 4885 142 66 4th
16413 4885 449 76 Thursdav
16923 4909 94 52 in
17069 4909 241 52 Oi.fj,

14608 4928 57 161 f
15047 4942 156 76 a.

15387 5131 80 66 S.
15534 5131 99 76 R.
15671 5135 477 90 Scottron,
16191 5150 189 71 Sec.
16394 5131 19 104 -
16431 5131 14 104 .
16483 5159 288 76 Gen.'.

15302 5211 298 90 Office,
15647 5220 156 71 1061
15846 5220 468 94 Lafayette
16356 5254 898 99 aveaue.Brwokly*.

14693 5466 865 90 REGENERATOR
15605 5485 520 90 COUNCIL,
16167 5499 307 80 KTS.-.
16526 5509 397 80 Kadosh.
16961 5523 194 66 S3th
17187 5523 156 66 da.

14598 5565 231 66 gree,
14863 5575 113 47 on
15014 5561 151 71 the
15198 5565 137 66 4th
15378 5565 444 94 Thursday
15865 5580 85 66 in
15987 5584 213 66 each
16238 5589 331 80 month,
16620 5608 90 61 at
16757 5528 184 146 7§)
16965 5584 194 94 Vm

15255 5646 94 76 P.
15387 5650 288 80 Henri
15723 5655 534 104 Loveridge,
16294 5669 222 85 Th.-.
16554 5679 161 76 P.-.
16748 5688 175 76 g.-.
16951 5688 203 85 Mz.

16101 5754 104 123 ^ii
16209 5740 19 137 >
16238 5778 61 99 £
16299 5778 203 61 OAU
16592 5740 557 123 dhanceiJor.

15335 5830 307 80 Office,
15680 5835 118 71 21,
15846 5839 80 71 W
15954 5854 132 61 est
16120 5844 184 76 29th
16337 5863 307 76 street,
16682 5854 217 80 New
16956 5863 283 80 York.

15198 6080 586 90 ALLIANCE
15822 6099 557 99 CHAPTER,
16455 6113 227 80 Rose
16748 6123 283 80 Croix

14594 6156 340 94 degree,
14967 6165 151 80 the
15156 6184 321 66 second
15506 6184 539 94 Wednesday
16077 6194 90 71 In
16191 6208 213 66 each
16436 6213 302 66 month
16776 6227 90 61 at
16899 6156 109 142 7.3
17046 6156 38 142 d
17121 6156 33 142 r
17211 6241 123 57 m_

15888 6274 80 76 S.
16025 6279 99 71 R.
16181 6283 482 94 Scottron,
16701 6298 189 76 M.-.
16923 6274 260 109 W.-.*

14679 6420 236 94 d23ly
15359 6373 312 180 Office:
15723 6444 128 76 217
15883 6449 397 80 Sullivan
16332 6373 553 175 s?reet?New
16866 6387 57 71 S
16932 6411 293 142 York.

14735 6657 496 198 MRS.
15359 6676 231 184 M.
15704 6680 184 184 L.
15969 6685 1191 236 FRANKLIN.

14745 6926 770 137 First-Class
15614 6945 420 128 Board
16106 6964 231 113 and
16403 6964 718 170 Lodgings,

14589 7120 189 104 152
14877 7124 406 109 WEST
15387 7134 1172 128 THIRTY-SECOND
16658 7167 633 142 STREET,

15425 7299 265 85 NEW
15742 7309 321 80 YORK
16110 7318 312 76 CITY.

15402 7498 94 104 y
15501 7479 99 76 nl
15609 7569 24 14 .
15661 7483 109 71 be
15836 7488 80 85 p'
15926 7498 255 66 ease<l
16243 7502 90 66 to
16394 7507 661 76 accommodate
17121 7517 175 71 the

15047 7564 321 99 Polfl'O'
15406 7573 90 61 t°
15534 7569 279 71 whom
15850 7573 151 71 she
16039 7578 260 76 offers
16332 7583 109 71 all
16479 7587 146 76 tile
16691 7597 439 76 comfort*
17173 7606 128 71 oC

14580 7720 279 90 inthe
14891 7729 198 90 City
15090 7644 24 71 l
15146 7644 151 76 th<i
15335 7654 435 76 attentlon
15803 7658 94 76 ot
15931 7682 52 52 a
16016 7663 331 90 hostess
16394 7668 312 109 during
16767 7687 250 76 their
17079 7696 222 90 «tay

14584 7956 491 208 The
15132 7970 1167 217 Hawkins
16370 7994 921 213 House*

15156 8211 180 94 101
15416 8216 595 104 ORANGE
16077 8225 600 128 STREET,

14976 8367 926 208 ALBAN
15954 8395 213 227 Y,
16280 8395 231 213 n.
16630 8400 227 213 Y.

14660 8598 184 76 One
14906 8608 94 71 of
15061 8608 151 71 the
15279 8613 194 76 best
15529 8617 387 94 Lodging
15978 8622 335 80 Houses
16394 8631 94 76 in
16559 8641 387 90 Albany.
17065 8646 213 80 The

14575 8721 335 90 veiling
14943 8731 302 85 public
15288 8745 737 76 accommodated.
16668 8764 279 90 Mlgtp

14570 8943 350 123 1853.
16885 8986 387 132 1882.

14854 9118 950 170 Porter’s
15921 9142 1044 161 Mansion

14565 9340 194 104 252
14863 9345 302 109 West
15255 9354 430 113 26th-st.
15798 9369 203 104 bet.
16106 9373 189 104 7th
16398 9378 213 104 and
16696 9378 189 109 Bth
16956 9420 274 71 avas

14646 9624 213 76 This
14896 9633 76 66 Is
15009 9633 146 71 the
15189 9633 345 99 leading
15581 9643 269 76 house
15921 9652 85 71 In
16058 9652 213 76 New
16346 9652 269 94 York,
16668 9661 165 76 and
16899 9666 90 76 Is
17027 9666 175 80 w«|

14561 9784 317 80 known
14910 9798 94 71 to
15033 9794 156 80 the
15231 9798 463 99 trave’Ung
15737 9813 331 85 public,
16134 9822 94 66 to
16276 9817 288 80 whose
16625 9836 274 61 wants
16946 9831 90 76 rt
17093 9831 198 76 ha»

14565 9950 222 71 been
14820 9954 392 90 catering
15231 9959 142 71 for
15402 9959 156 71 the
15591 9973 189 71 past
15808 9973 614 85 twenty-eight
16455 9987 269 76 years.

14702 10162 57 66 g
15298 10110 420 85 PETER
15770 10120 85 80 S.
15921 10120 529 99 PORTER,
16512 10129 643 99 Proprietor.

15156 10351 1479 170 HTYTER’S

14721 10616 605 198 T.ong
15477 10630 770 161 Island
16356 10639 742 156 Hotel.

15151 10890 156 71 ON
15354 10890 227 76 THE
15624 10894 624 80 EUROPEAN
16299 10899 331 85 PLAN.

14556 11008 189 104 345
14820 11008 784 118 BLEECKER
15694 11022 595 128 STREET,
16361 11031 340 109 NEW
16776 11036 477 113 YORK.

14641 11244 184 76 The
14858 11249 203 80 only
15094 11249 439 80 first-class
15567 11254 269 94 Equal
15879 11263 302 90 Rights
16214 11268 265 76 Hotel
16526 11272 94 71 In
16687 11272 217 80 New
16980 11277 269 80 York

14556 11400 780 85 ELEGANTLY
15387 11409 770 99 FURNISHED,
16209 11419 265 80 AND
16521 11424 369 85 WELL
16923 11428 335 80 VEN-

15387 11542 557 90 TILATED
15983 11551 444 90 ROOMS.

15411 11679 118 94 By
15567 11683 146 76 the
15746 11683 165 90 day
15959 11707 94 57 or
16101 11693 279 71 week.

14641 11792 180 76 The
14863 11797 515 80 Restaurant
15416 11806 71 71 is
15524 11806 411 90 Supplied
15969 11811 217 71 with
16224 11816 109 71 all
16370 11816 496 76 Delicacies
16923 11825 109 71 of
17131 11825 137 71 be

14556 11882 345 76 Season.

14556 12009 411 123 FINE
15109 12014 756 128 OYSTERS
15997 12024 123 118 A
16228 12028 1035 118 SPECIALTY.

14655 12198 435 203 Ales,
15203 12208 567 180 Wines
15912 12213 312 180 and
16342 12217 789 236 Liquors.

14712 12463 231 80 THE
14991 12468 279 80 BEST
15317 12472 269 80 FIVE
15633 12477 293 76 CENT
15973 12482 359 80 CIGAR
16375 12482 123 76 IN
16545 12487 572 76 AMERICA.

14854 12732 746 151 <xrand
15713 12737 1200 156 Orchestra.

14641 13025 236 80 First
14910 13025 217 76 class
15165 13030 279 76 Music
15477 13035 142 76 for
15652 13039 439 85 Concerts,
16129 13039 496 90 Weddings,
16668 13044 562 94 Reception*

14556 13115 161 71 and
14754 13120 113 66 all
14887 13120 444 76 occasions
15364 13134 90 66 at
15487 13124 151 76 the
15676 13129 373 76 shortest
16082 13129 293 76 notice
16394 13129 165 80 and
16592 13148 227 66 most
16847 13157 359 57 reasona-

14556 13205 142 76 ble
14731 13219 293 61 terms.

14556 13328 463 76 CHURCH
15090 13328 246 76 AND
15416 13337 520 71 CONCERT
16011 13337 345 76 MUSIC
16408 13342 76 71 A
16559 13342 661 76 SPECIALTY

15935 13460 80 66 A
16068 13460 94 71 F.
16209 13460 444 80 MANDO,
16701 13460 482 76 Dlrectar-

14721 13564 99 71 P.
14858 13564 94 85 O,
14991 13564 184 76 Box
15208 13569 227 85 1,433.
15524 13569 515 90 Residence,
16077 13573 165 80 No.
16276 13578 123 71 160
16431 13587 180 71 east
16644 13583 222 76 110th
16904 13583 146 76 St.

14731 13654 302 76 Orders
15066 13658 109 90 by
15213 13658 208 71 mail
15454 13663 180 71 will
15666 13663 354 76 receive
16058 13672 340 80 prompt
16431 13672 468 76 attention.

14556 13928 633 236 Society
15378 13928 827 246 Directory
16380 13937 246 180 for
16786 13942 468 184 1883»

14650 14225 198 80 All
14924 14225 520 99 Lodges,
15520 14230 902 99 Associations,
16493 14239 250 80 and
16800 14239 435 94 Clute,

14551 14386 383 94 desiring
14967 14395 90 66 to
15094 14391 113 71 be
15274 14395 383 76 inserted
15742 14395 90 76 1.
15898 14395 184 76 The
16143 14405 298 71 Globe
16507 14405 510 76 Dirbctokt
17083 14409 151 76 far

14551 14551 194 85 1883,
14778 14551 184 76 will
15014 14551 288 94 please
15340 14556 203 76 send
15586 14575 317 66 names,
15945 14561 312 90 places,
16290 14561 165 76 and
16493 14565 298 90 nights
16819 14570 99 71 of
16951 14575 236 71 meet-

14551 14707 213 85 ings,
14802 14712 198 80 ete.,
15038 14717 90 66 to
15161 14712 151 71 the
15406 14712 222 71 THE
15676 14712 359 71 GLOBE
16077 14712 487 76 UPTOWN
16616 14717 449 85 OFFICE,

14802 14858 227 76 d232t
16181 14868 128 71 130
16337 14877 217 61 west
16597 14872 184 66 26th
16828 14882 326 61 street-

14731 15066 2329 208 CONSUMPTION-

14631 15331 43 76 I
14712 15331 217 76 have
14967 15350 47 57 a
15052 15340 378 85 positive
15463 15340 345 90 remedy
15846 15340 137 76 for
16011 15345 156 71 the
16200 15345 274 76 above
16507 15345 383 85 disease;
16956 15350 118 90 by
17107 15350 151 80 Mr

14546 15472 151 57 use
14731 15458 468 71 thousands
15231 15463 94 66 of
15354 15477 246 57 cases
15643 15463 94 71 of
15765 15463 151 71 the
15954 15463 208 76 kind
16200 15468 165 71 and
16422 15468 90 71 of
16559 15468 198 90 long
16819 15472 425 90 atandli*

14546 15576 217 71 have
14802 15581 222 66 been
15061 15581 288 66 cured.
15444 15581 350 80 Indeed,
15831 15600 90 52 so
15987 15591 293 80 strong
16342 15586 76 66 is
16479 15600 142 71 my
16654 15586 236 71 faith
16956 15591 94 66 in
17107 15595 128 66 Ite

14546 15694 383 85 efficacy,
14991 15694 194 76 that
15246 15694 43 76 I
15326 15694 180 76 will
15567 15699 208 71 send
15846 15699 250 76 TWO
16162 15699 496 80 BOTTLES
16734 15704 335 90 FREE,
17098 15718 109 66 to

14546 15817 307 90 gether
14887 15817 213 76 with
15132 15841 52 52 a
15217 15817 614 85 VALUABLE
15865 15827 562 76 TREATISE
16465 15850 104 52 on
16606 15836 180 71 this
16847 15836 392 80 disease,

14551 15950 94 66 to
14679 15959 165 71 any
14877 15945 397 71 sufferer.
15364 15950 222 76 Give
15652 15950 345 71 address
16063 15950 161 71 and
16290 15959 189 80 post
16512 15959 288 80 office;
16866 15959 392 71 addreur

15860 16063 184 76 DR.
16091 16068 99 80 T.
16238 16072 109 71 A.
16398 16072 477 76 SLOCUM.

15964 16195 123 71 181
16120 16191 246 80 Pearl
16408 16195 156 80 St.,
16602 16195 208 76 New
16852 16200 293 71 York.

14646 16365 151 184 J.
14877 16361 255 180 W.
15231 16365 1181 180 Winterbotton
16507 16375 146 184 &
16724 16375 392 198 Son.

15043 16639 222 184 U
15274 16644 704 184 udert
15997 16649 756 184 akers>

14707 16937 227 123 194
15024 16942 118 118 &
15236 16942 231 118 196
15576 16946 643 118 SPRING
16342 16951 713 118 STREET.

15057 17102 123 123 &
15279 17102 231 118 140
15619 17102 217 123 Bth
15954 17107 775 123 AVENUE.

14745 17263 444 123 Stables,
15231 17268 161 123 96,
15439 17272 128 99 98
15600 17272 85 99 &
15713 17272 194 99 100
15931 17272 472 99 Sullivan
16446 17272 156 123 St,
16663 17277 137 99 N.
16857 17277 156 99 Y.

14542 17405 189 80 fy
14769 17395 231 76 Elrst
15033 17395 217 76 class
15312 17395 444 90 Carriages
15813 17405 94 66 to
15940 17400 128 71 let
16096 17405 90 66 at
16247 17400 113 71 all
16427 17405 283 71 hours.
16800 17405 425 76 I‘enonM

14542 17485 435 76 attention
15014 17485 90 71 in
15137 17485 109 71 all
15288 17504 265 57 cases.
15652 17485 364 90 Charges
16039 17490 529 76 reasonable.

15052 17778 250 156 F.
15411 17783 265 151 B.
15751 17783 902 203 Thorpe,

14835 18057 227 113 203
15208 18061 912 113 BLEECKER
16257 18061 709 142 STREET,

14542 18274 454 85 DEALER
15043 18279 123 76 IN
15213 18279 411 80 CHOICE
15666 18279 449 76 FAMILY

15496 18397 628 76 GROCERIES
16205 18402 331 71 WOOD
16587 18402 246 66 AND
16876 18397 354 76 COAU.

15402 18515 118 90 by
15553 18534 47 52 a
15661 18515 279 94 larger
16002 18515 246 80 share
16313 18515 94 80 of
16474 18524 468 94 patronage
17003 18520 227 85 tb**

14537 18661 208 57 ever
14778 18638 331 94 before,
15146 18643 43 76 1
15227 18647 302 71 intend
15557 18652 94 66 to
15685 18647 213 90 fight
15931 18647 71 76 it
16035 18652 156 71 out
16224 18666 109 52 on
16365 18647 180 80 this
16578 18647 175 76 line
16776 18652 80 71 if
16885 18652 317 71 Utaka

14537 18770 80 66 al
14679 18770 321 66 winter
16772 18770 364 71 UKT-tm.

14542 18992 543 180 Steam
15184 18992 317 180 and
15619 18997 317 175 Hot
16039 18997 298 170 Air
16408 19002 817 175 Furnaces

14542 19332 883 123 MANAGED
15510 19337 378 113 AND
15978 19337 1261 142 CONTRACTED.

14910 19583 137 146 J.
15132 19583 241 142 w.
15472 19583 883 146 WYNDER
16446 19592 123 137 &
16630 19592 175 137 Co-

15690 19814 213 80 -150
15964 19814 326 76 West
16361 19814 227 80 32<1
16649 19819 477 76 Street.

15392 20050 449 80 FIRST
15902 20055 449 76 CLASS

14551 20220 477 109 CLOAK
15099 20220 302 109 AND
15472 20220 1035 113 DRESSMAKING

15217 20362 780 123 SOLICITED,
16143 20367 609 99 STYLISH
16800 20367 397 104 TRIM-

14556 20494 416 104 MING.
15047 20494 638 104 CUTTING
15756 20499 298 99 AND
16167 20494 652 123 FITNING,

14820 20665 1054 104 REMODELLING
15950 20674 94 94 A
16120 20665 841 113 SPECIALTY.

15439 20830 411 128 Miss
15926 20835 170 128 C.
16176 20835 175 123 A.
16417 20835 690 151 Hunter,

15723 21009 99 76 24
15888 21009 241 80 East
16162 21009 789 94 Thhty-Sevent
16975 21014 265 85 hSt.

14570 21279 369 189 New
15000 21279 430 189 York
15477 21279 987 236 Purchasing
16521 21288 775 236 Agency.,

14929 21581 350 123 MRS
15420 21586 142 123 C.
15713 21586 156 118 A.
15987 21586 883 156 ATTWELL,

15132 21784 189 94 112
15392 21784 742 99 WAVERLY
16200 21784 506 123 PLACE,

15548 21940 255 76 NEW
15907 21945 350 71 YORK.

14655 22176 146 66 All
14835 22172 151 71 the
15052 22167 444 90 Shopping
15581 22167 331 71 needed
15950 22172 90 66 in
16115 22191 47 52 a
16195 22172 312 90 family
16583 22172 222 71 done
16866 22181 99 61 ax
17031 22172 241 80 Nev

14575 22257 246 76 York
14863 22257 312 94 prices.
15265 22257 534 76 References
15831 22257 260 94 given
16129 22257 71 76 If
16252 22257 435 94 required.

14745 22460 482 99 CLOAK
15298 22460 302 99 AND
15666 22460 1054 99 DRESSMAKING
16795 22465 335 94 AND

14575 22691 964 128 MILLINERY
15661 22696 123 118 A
15921 22696 954 123 SPECIALTY
17017 22701 269 118 BY

15732 22918 302 80 Miss
16106 22913 132 85 A.
16318 22913 151 85 M.
16545 22918 529 104 SCOTT,

14745 23050 43 99 d
14830 23050 38 99 9
14910 23050 123 99 3m.
15652 23055 123 76 153
15822 23055 236 76 West
16096 23055 180 76 24th
16323 23065 312 80 street,
16682 23055 113 80 Y.
16828 23060 118 76 N.
16975 23060 231 90 City

14584 23268 411 198 THE
15104 23220 2220 279 BALTIMORE-ROUSE^

15189 23513 231 118 150
15501 23532 317 104 west
15898 23513 246 128 32d
16200 23537 449 109 street.

14839 23745 435 85 BOARD
15387 23745 165 80 BY
15657 23745 260 80 THE
16030 23750 269 80 DAY
16398 23754 170 76 OR
16677 23754 397 80 WEEK

15151 23877 293 80 Mrs.
15487 23877 156 80 M.
15699 23877 132 80 E.
15874 23877 222 80 WI
16129 23882 420 85 NDER
16587 23887 109 80 dr
16739 23882 335 94 NON,

16630 23986 581 90 ProprietoO’
